2925 4802
1094 249 1405 349 ,ΕΞ-

170 463 375 527 enim
423 460 695 527 Mithras
740 462 812 524 ut
853 460 1016 525 solet
1061 460 1338 538 ornatus„
1396 477 1470 524 ea
1516 459 1592 524 de
1640 477 1827 524 causa
1871 459 2285 530 nominandus

171 567 314 645 est,
377 566 544 648 quod
607 556 830 648 corpus
877 565 997 630 Dei
1055 561 1383 629 stellarum
1444 564 1550 629 aut
1609 563 1851 629 zodiaci
1900 564 2282 650 imaginibus

171 674 408 738 exstat
466 672 772 738 ornatum.
866 670 1027 736 Sunt
1071 670 1283 734 autem
1329 668 1513 746 aries,
1561 668 1743 747 libra,
1791 687 2029 748 cancer,
2078 689 2279 753 caper.

171 777 324 842 Sed
364 777 549 859 plura
591 795 705 858 pro
739 777 908 841 certo
958 774 1214 859 quidem
1244 772 1370 838 dici
1404 793 1531 839 non
1561 775 1843 856 possunt,
1880 793 2023 840 cum
2054 776 2279 853 statua,

170 881 423 946 multis
483 881 768 963 partibus
832 880 918 947 sit
978 879 1313 946 destructa.
1406 879 1594 945 Falso
1655 878 1746 943 nil
1811 877 1931 942 nisi
1994 880 2304 945 caudices

170 985 489 1051 manibus
519 988 735 1055 tenere
763 987 967 1050 Deum
999 984 1207 1062 facile,
1256 1002 1395 1049 cum
1427 1001 1677 1066 semper
1707 983 1909 1048 claves
1941 983 2277 1064 inveneriS,

165 1090 554 1174 intellegas.
630 1089 813 1169 Quod
844 1088 1119 1154 Mithrae
1166 1086 1431 1170 pedihus
1477 1086 1872 1170 suppositum
1905 1088 2022 1167 est,
2070 1089 2276 1155 utrum

168 1197 422 1279 globus
470 1194 572 1274 sit,
621 1213 851 1272 necne,
908 1192 1243 1258 diiudicari
1300 1211 1425 1257 non
1471 1193 1703 1275 potest.
1780 1191 2092 1277 Equidem
2139 1212 2277 1259 eam

167 1300 718 1366 restaurationem
737 1316 870 1365 esse
886 1300 1122 1364 rectam
1146 1314 1506 1380 persuasum
1531 1295 1749 1362 habeo,
1798 1298 2017 1380 Imago
2035 1298 2277 1363 statuae

168 1407 395 1471 forma
441 1406 588 1470 ficta
633 1405 749 1472 est.

360 1509 898 1574 Praetereundum
928 1507 1058 1572 fere
1106 1507 1391 1591 ectypum
1436 1506 1691 1571 tabulae
1744 1504 2008 1572 alterum
2053 1505 2270 1575 habeo.

163 1614 298 1678 Nil
347 1613 521 1678 enim
568 1612 715 1678 novi
747 1613 928 1678 affert
971 1611 1097 1677 nisi
1127 1611 1388 1697 globum
1422 1609 1742 1695 quadratis
1787 1609 1973 1674 lineis
2006 1609 2273 1675 circum-

166 1718 434 1797 datum,
499 1736 619 1801 quo
666 1716 972 1780 mundum
1018 1715 1172 1799 fingi
1235 1716 1301 1779 et
1360 1714 1724 1798 significari,
1788 1712 1982 1779 solem
2036 1715 2270 1779 terram

168 1820 363 1904 quasi
411 1808 784 1903 transgredi,
833 1818 970 1903 quis
1018 1819 1114 1884 est
1161 1818 1309 1903 quin
1357 1818 1575 1884 statim
1623 1819 1977 1901 cognoscat.
2067 1818 2268 1882 Primi

163 1943 205 1987 a
243 1924 434 1990 nobis
465 1922 780 1988 simulacri
812 1923 1084 2006 expositi
1113 1922 1510 1988 simillimum
1536 1924 1649 2003 est,
1683 1942 1826 1987 cum
1853 1923 2023 1987 Deus
2055 1941 2265 1986 rursus

167 2028 483 2112 quattuor
537 2027 654 2092 alis
721 2027 1045 2111 praeditus
1091 2028 1292 2093 exstet
1359 2028 1422 2092 et
1488 2027 1743 2093 sinistra
1798 2024 2091 2093 baculum
2159 2029 2266 2092 aut

161 2134 501 2216 sceptrum
546 2133 782 2201 teneat.
844 2133 1087 2212 Restat,
1133 2135 1205 2198 ut
1250 2150 1734 2198 commemorem
1765 2131 2019 2197 artificii
2066 2132 2265 2197 forma

163 2253 364 2318 posse
412 2234 705 2320 intellegi
751 2235 1154 2302 simulacrum
1200 2235 1432 2320 parieti
1478 2235 1668 2303 fuisse
1712 2235 2036 2307 insertum,

352 2445 842 2531 Progrediamur
901 2445 980 2511 ad
1038 2447 1338 2530 paginam
1383 2446 1919 2531 septuagesimam
1980 2449 2257 2515 tertiam.
2332 2462 2742 2532 L.p.LXX1111,2.

154 2553 370 2619 'Cuius
399 2552 608 2635 prima
637 2552 850 2636 imago
882 2552 1065 2633 plura
1097 2571 1210 2617 nos
1245 2553 1442 2618 docet.
1506 2552 1603 2616 De
1648 2552 1786 2635 ipsa
1817 2555 2027 2619 autem
2061 2554 2261 2637 figura

167 2657 367 2722 modo
414 2657 762 2722 notandum
795 2658 894 2721 est
922 2657 1127 2721 Deum
1163 2657 1335 2722 brevi
1369 2656 1749 2723 vestimento
1783 2674 1913 2723 esse
1936 2657 2257 2738 vestitum,

166 2760 541 2842 serpentum
574 2742 764 2842 caput
791 2776 983 2844 usque
1016 2761 1094 2824 ad
1128 2776 1194 2826 os
1218 2761 1339 2825 Dei
1370 2760 1667 2843 proferre,
1700 2760 2005 2827 Mithram
2038 2762 2259 2827 dextra

167 2863 436 2943 clavem,
505 2862 763 2929 sinistra
829 2883 964 2929 rem
1033 2864 1287 2930 dubiam
1355 2866 1584 2945 tenere,
1649 2866 1877 2931 Invicti
1938 2867 2131 2948 pedes
2191 2866 2257 2931 in

166 2987 413 3053 ungues
463 2968 763 3034 desinere.
857 2968 1059 3048 Quam
1092 2970 1172 3035 ad
1202 2969 1548 3053 imaginem
1597 2970 1901 3036 accedunt
1946 2991 2054 3035 ara
2112 2991 2253 3040 cum

167 3073 308 3157 igni
341 3073 641 3155 imposito
675 3075 740 3138 et
768 3073 863 3138 vir
893 3073 1060 3139 tiara
1091 3074 1344 3142 ornatus
1374 3094 1599 3158 equum
1633 3076 1863 3141 ducens
1895 3076 1959 3140 et
1989 3076 2254 3143 fortasse

166 3178 423 3243 hastam
482 3179 740 3254 tenens3
788 3179 1039 3244 easdem
1088 3180 1296 3244 autem
1350 3179 1581 3262 figuras
1644 3180 1711 3243 in
1767 3178 1964 3245 altera
2010 3200 2256 3264 quoque

166 3280 495 3347 simulacri
528 3284 711 3364 parte
742 3282 928 3348 fuisse
959 3282 1245 3368 reliquiis
1288 3283 1442 3365 ipsis
1476 3282 1660 3365 plane
1704 3285 1993 3367 cognosci
2023 3287 2251 3368 potest.

168 3395 340 3464 Quae
398 3404 539 3450 cum
586 3385 677 3450 ita
721 3386 879 3466 sint,
937 3386 1122 3452 facile
1168 3386 1503 3471 intellegas
1552 3389 1630 3454 de
1678 3388 1814 3453 Deo
1877 3389 2014 3471 ipso
2063 3391 2129 3455 et
2174 3392 2251 3455 de

167 3489 361 3557 altari
424 3488 604 3571 plura
661 3511 786 3557 non
832 3508 965 3557 esse
1014 3492 1296 3560 dicenda.
1398 3491 1563 3572 Quid
1615 3494 1827 3558 autem
1883 3493 2006 3557 sibi
2050 3493 2252 3565 velint

170 3595 328 3658 duae
374 3591 522 3659 illae
566 3593 687 3659 viri
748 3614 888 3660 cum
953 3614 1112 3680 equo
1173 3597 1482 3681 imagines
1505 3646 1520 3676 ,
1585 3616 1795 3664 eruere
1841 3616 1939 3662 me
1986 3597 2248 3681 nequire

167 3698 404 3777 fateor,
454 3698 577 3762 nisi
623 3698 803 3780 forte,
853 3693 1158 3767 concedas
1215 3721 1408 3768 unum
1456 3721 1489 3768 e
1535 3702 1810 3768 Mithrae
1858 3702 2048 3767 servis
2096 3718 2244 3769 esse.

170 3801 374 3882 Quam
436 3803 517 3868 ad
573 3822 709 3868 rem
770 3806 982 3871 autem
1043 3806 1188 3890 equi
1246 3806 1376 3872 sint
1436 3806 1729 3886 adhibiti,
1836 3827 1933 3873 me
1996 3808 2246 3890 quidem

166 3904 346 3974 latet.
395 3906 712 3973 ——Plura
756 3908 1016 3975 minime
1046 3910 1252 3975 autem
1299 3910 1571 3976 certiora
1603 3911 1680 3976 de
1727 3929 1801 3976 ea
1839 3929 1906 3976 re
1937 3911 2177 3979 invenis
2210 3933 2247 3978 a

165 4010 474 4093 scriptore
520 4014 735 4078 nostro
781 4012 849 4076 in
894 4012 1055 4079 libro
1100 4014 1191 4079 IX
1234 4014 1465 4079 indicis
1510 4017 1812 4097 exposita.

246 4187 255 4194 ‚
340 4116 570 4181 Restat
612 4116 1037 4200 fragmentum
1086 4118 1657 4186 demonstratorum
1702 4120 2110 4187 artificiorum
2156 4124 2245 4187 si-

166 4219 527 4286 millimum.
620 4221 856 4306 Corpus
901 4224 1069 4288 enim
1113 4225 1364 4290 tantum
1388 4225 1512 4294 Dei
1558 4226 1869 4295 servatum
1916 4228 2027 4309 est,
2076 4228 2239 4314 quod
