2925 4802
1023 288 1334 384 ,ΔΒ-

448 533 1022 633 Inscriptionum
1077 533 1429 611 tractatio
1488 533 1912 634 exponitur.

195 707 335 769 Iam
367 705 852 788 inscriptionum
879 706 1124 773 tantam
1153 704 1626 771 multitudinem
1654 707 1772 773 hoc
1808 708 2032 773 libello
2066 727 2322 773 accura-

99 809 271 873 3sime
323 828 636 894 exponere
702 811 1097 893 supersedeo.
1191 811 1353 875 Sane
1400 828 1524 874 non
1569 811 1729 876 liber
1774 813 1838 876 at
1884 811 2033 877 libri
2100 814 2177 879 de
2243 814 2323 878 iis

99 917 173 978 ›nt
230 914 569 979 scribendi.
659 913 992 1005 Equidem,
1056 934 1198 978 cum
1256 914 1373 979 hoc
1432 934 1618 997 opere
1682 915 1748 980 id
1811 917 2145 999 praecipue
2202 918 2321 981 sim

104 1022 293 1100 cutus,
344 1022 418 1084 ut
463 1018 839 1100 scriptorum
889 1020 953 1083 et
983 1019 1467 1102 inscriptionum
1508 1020 1894 1086 testimoniis
1924 1022 2325 1103 pertractatis

99 1141 240 1187 tram
286 1123 768 1188 simulacrorum
801 1123 1228 1205 cognitionem
1261 1140 1699 1206 praepararem
1742 1123 2079 1213 diligenter
2108 1146 2325 1191 unam-

99 1246 340 1311 1amque
416 1227 917 1310 inscriptionem,
996 1245 1192 1309 paene
1283 1227 1431 1306 dixi,
1507 1229 1991 1313 unumquodque
2065 1231 2324 1295 verbum

99 1332 436 1415 vestigavi.
528 1329 660 1410 Quo
696 1333 763 1396 in
795 1350 984 1415 opere
1018 1351 1264 1397 cursum
1298 1332 1473 1397 tenui
1514 1332 1713 1402 hunc:
1762 1335 2035 1416 primum
2069 1334 2326 1398 nomina

103 1435 155 1498 ei
225 1437 573 1520 composui,
650 1435 874 1509 deinde
942 1437 1288 1519 explanavi,
1351 1436 1575 1520 quibus
1632 1437 1729 1501 dis
1785 1437 2135 1524 deabusque
2205 1459 2327 1504 una
2379 1523 2386 1527 ἠ

99 1560 173 1605 un
215 1541 463 1607 Mithra
506 1541 926 1607 sacrificatum
973 1542 1077 1621 sit,
1137 1543 1273 1606 tum
1334 1544 1568 1609 formas
1626 1541 1821 1626 quasi.
1855 1542 2325 1608 dedicationum

99 1644 276 1728 ›llegi,
312 1647 586 1729 denique
620 1648 980 1712 enumeravi
1012 1666 1112 1711 res
1145 1647 1486 1720 dedicatas.
1577 1645 1805 1726 Quales
1846 1651 2060 1713 autem
2092 1649 2327 1714 fuerint

99 1747 310 1814 [ithrae
377 1752 646 1816 cultores
709 1768 1032 1834 quaerenS,
1094 1771 1234 1816 cum
1303 1770 1512 1815 rerum
1578 1770 1891 1816 sacrarum
1949 1754 2192 1818 actores
2264 1754 2328 1817 et

99 1854 507 1921 edicationum
585 1874 799 1921 causas
865 1856 1050 1940 plane
1119 1856 1547 1938 exposuissem
1616 1856 1894 1938 itemque
1963 1858 2326 1925 statuissem

99 1955 382 2025 ffinitates
460 1959 581 2025 Dei
660 1961 971 2026 cultorum
1063 1961 1438 2044 ordinesque
1524 1961 1868 2040 hominum,
1947 1962 2053 2043 qui
2125 1963 2327 2028 cultui

99 2060 311 2128 [ithrae
388 2064 691 2143 faverent,
766 2065 1040 2149 primum
1117 2065 1374 2131 nomina
1464 2066 1736 2130 virorum
1811 2067 1877 2129 et
1950 2065 2325 2131 feminarum

99 2183 314 2251 emque
363 2169 745 2252 cognomina
791 2169 1040 2254 collegi,
1089 2168 1315 2234 deinde
1361 2170 1813 2253 imperatorum
1876 2188 2032 2252 quae
2077 2172 2328 2254 repperi

99 2271 294 2336 omina
362 2273 630 2338 reddidi.
723 2272 1109 2354 Temporum
1185 2276 1398 2339 autem
1474 2274 2050 2357 cognoscendorum
2126 2291 2325 2355 causa,

100 2374 260 2441 uibus
308 2377 513 2443 cultus
572 2376 679 2442 ille
742 2377 1041 2458 floruerit,
1104 2377 1615 2464 investigandum
1679 2381 1832 2457 erat,
1897 2379 2120 2461 quibus
2181 2399 2330 2447 con-

99 2478 275 2547 alibus
342 2483 791 2565 inscriptiones
854 2485 982 2550 sint
1050 2484 1270 2548 factae.
1362 2482 1561 2563 Quam
1634 2487 1707 2548 ut
1780 2502 1912 2547 rem
1981 2484 2328 2552 accuratius

99 2585 485 2671 atellegerem
548 2586 681 2652 dies
745 2606 992 2671 quoque
1050 2588 1381 2666 mensium,
1439 2588 1658 2672 quibus
1722 2574 2143 2653 sacrificatum
2212 2592 2326 2669 est,

99 2693 422 2758 numeravi.
516 2690 752 2770 Quibus
800 2691 985 2757 factis
1045 2708 1142 2757 res
1187 2691 1499 2759 militares
1548 2692 1804 2776 exposui
1853 2693 1917 2756 et
1961 2693 2182 2775 gentes
2231 2695 2328 2759 vel

100 2794 415 2877 *rovincias,
478 2814 633 2879 quae
693 2797 762 2860 in
807 2797 1325 2879 inscriptionibus
1372 2797 1963 2864 commemorantur.
2056 2796 2328 2877 Quarum

101 2901 500 2979 xpositionum
549 2900 1012 2966 conclusionem
1060 2901 1295 2967 faciunt
1355 2900 1665 2966 notabilia
1707 2901 1881 2965 varia
1940 2920 2012 2965 ex
2060 2902 2331 2989 inscrip-

99 2997 311 3068 ionibus
359 3006 659 3073 extracta.

219 3106 349 3187 Qua
418 3110 486 3173 in
554 3129 622 3174 re
693 3109 1024 3175 efficienda
1093 3111 1352 3176 minime
1421 3110 1846 3193 pervestigavi
1912 3110 2166 3174 tantum
2231 3112 2329 3176 in-

99 3211 423 3293 criptiones
487 3232 612 3294 eaS,
672 3234 823 3297 quas
887 3215 1326 3280 nonnullorum
1389 3215 1695 3280 librorum
1756 3213 1996 3279 indices
2059 3214 2329 3280 Mithrae

99 3313 409 3402 ttribuunt,
475 3319 541 3383 at
604 3318 951 3401 permultos
1019 3321 1222 3385 adhuc
1286 3320 1421 3384 Deo
1483 3318 1729 3385 Invicto
1793 3337 1919 3384 non
1980 3317 2330 3401 adscriptos

99 3413 261 3486 itulos
307 3424 367 3488 ei
415 3423 696 3496 attribui.

215 3526 386 3592 Haec
431 3527 928 3593 laboriosissima
981 3528 1190 3594 studia
1245 3529 1318 3593 ut
1366 3529 1485 3595 hoc
1528 3527 1670 3593 loco
1716 3529 2021 3610 repetam,
2068 3526 2328 3592 minime

99 3643 279 3701 voscas.
373 3633 545 3713 Quae
605 3653 724 3717 ego
788 3634 1102 3713 incohavi,
1166 3633 1310 3699 aliis
1368 3634 1654 3718 relinquo
1717 3630 2111 3699 absolvenda.
2204 3632 2328 3698 Sed
2421 3719 2424 3720 ⁷

102 3728 374 3804 itulorum
441 3741 872 3823 cognitionem
934 3761 1033 3805 me
1098 3741 1165 3803 in
1229 3740 1617 3823 explicandis
1682 3738 2034 3804 simulacris
2079 3737 2327 3816 iuvisse,

99 3854 135 3897 ’Χ
173 3844 453 3927 sequenti
501 3846 712 3927 capite
758 3846 1052 3915 elucebit.

981 4141 1393 4150 ---——-—————

1952 4398 2019 4448 6*
