2925 4802
1109 235 1192 302 65

285 445 486 509 Porro
562 458 1054 510 commemorem
1130 445 1324 510 verba
1402 446 1673 510 Nicetae
1765 446 2192 512 Sorroniensis

108 547 420 612 Mithram
478 549 772 613 nonnulli
798 549 1006 621 solem
1071 572 1201 612 esse
1267 548 1499 616 dicunt.
1592 548 1762 613 Huic
1811 549 1992 634 festa
2039 575 2194 637 per-

108 652 472 737 aqebantur‚
519 676 594 716 ac
626 653 1001 737 praescr-izin
1035 651 1213 737 apud
1245 650 1609 716 Chaldaeos,
1680 652 1796 716 Illi
1823 667 2049 736 autem,
2082 655 2200 740 qai

106 757 299 819 huefas
344 758 549 819 sacris
605 755 925 818 imbuendi
962 770 1162 838 eraut,
1220 780 1338 842 per
1382 755 1699 828 duodecim
1744 758 2189 842 suppliciorum

105 881 341 943 yenera
399 858 803 940 ducebantur,
865 882 1078 944 nevaepe
1124 883 1248 944 per
1286 856 1560 944 famem,
1618 883 1742 944 per
1794 861 2015 945 effrem,
2075 885 2193 946 per

92 948 346 1049 friqus‚
408 986 535 1047 per
601 963 880 1042 verbera,
960 962 1238 1047 aliosque
1312 961 1498 1025 huius
1559 963 1803 1049 ¹qenerr's
1878 965 2193 1027 cruciatu-s

107 1066 342 1129 iustam
394 1079 600 1128 autem
653 1065 1013 1130 huiusmodi
1056 1089 1323 1151 poenam
1380 1065 1543 1129 ᾱίασίι
1601 1065 1962 1152 Theoquas,
2030 1067 2196 1152 quod

108 1171 204 1233 his
249 1172 582 1256 suppliciis
612 1172 841 1234 *merito
888 1169 1311 1257 afficerentur,
1359 1172 1474 1255 qui
1512 1171 1740 1235 talibus
1784 1173 1967 1235 rebus
1992 1170 2191 1256 fldem

108 1273 418 1356 haberent,
465 1287 535 1337 ut
576 1274 916 1339 mercedem
953 1276 1186 1338 erroris
1233 1274 1312 1338 ab
1359 1275 1540 1360 ipsis,
1586 1298 1847 1360 quorum
1893 1274 2091 1339 cultui
2128 1299 2191 1339 se

110 1376 529 1458 addixissent,
576 1378 950 1463 acciperent,
995 1377 1141 1441 dum
1173 1379 1252 1441 ab
1282 1377 1415 1441 ill-is
1457 1379 1549 1440 ita
1589 1380 2102 1442 eoecrucz'arentur
2118 1380 2187 1459 ¹).

109 1481 201 1547 Ac
273 1481 551 1563 primum
621 1481 876 1566 quidem
952 1481 1167 1545 credas
1220 1481 1590 1562 scriptorem
1653 1482 1846 1547 verba
1899 1481 2188 1566 Gregorii

110 1585 283 1650 nullo
317 1585 443 1649 alio
476 1584 647 1649 fonte
679 1604 855 1648 usum
888 1584 1254 1667 explicasse.
1327 1584 1481 1650 Cum
1513 1586 1725 1650 autem
1760 1588 1824 1650 et
1857 1583 2189 1650 duodecim

110 1691 513 1771 probationes
572 1690 768 1755 fuisse
832 1693 895 1755 et
956 1691 1191 1754 cultum
1253 1691 1418 1772 apud
1447 1690 1805 1757 'Chaldaeos
1851 1691 2189 1774 praecique

109 1793 392 1859 floruisse
419 1794 696 1860 affirmet
719 1794 1009 1876 scriptor,
1045 1815 1185 1860 eum
1217 1796 1295 1860 ab
1320 1795 1459 1860 aliis
1486 1814 1727 1879 quoque
1753 1794 2185 1876 scriptoribus,

110 1896 435 1980 Theologo
462 1898 850 1964 Tertulliano
878 1900 1158 1982 excepto,
1195 1899 1525 1964 certiorem
1553 1899 1629 1963 de
1647 1899 1923 1965 Mithrae
1951 1899 2186 1963 cultum

109 2001 347 2068 factum
394 2022 546 2082 esse,
597 2004 864 2068 constat.
943 2003 1185 2067 Tamen
1230 2006 1400 2069 recte
1451 2023 1593 2068 eum
1640 2003 1949 2067 iudicasse
2001 2002 2191 2067 Chal-

111 2104 408 2170 daeorum
456 2108 734 2172 Mithrae
781 2109 1013 2172 cultum
1051 2108 1459 2190 praecipuum
1505 2107 1694 2172 fuisse
1746 2110 1809 2172 et
1856 2106 2186 2172 duodecim

110 2211 561 2292 suppliciorum
608 2229 842 2294 genera
901 2230 967 2275 re
1028 2231 1177 2276 vera
1231 2230 1368 2276 esse
1426 2211 1715 2277 adhibita
1760 2230 1968 2295 neges.
2062 2211 2188 2275 Sed

108 2332 217 2395 per
260 2314 518 2394 famem,
582 2316 815 2398 ignem,
873 2316 1089 2399 frigus,
1151 2317 1427 2392 verbera,
1495 2315 1655 2381 alios
1703 2317 1885 2380 huius
1934 2314 2184 2398 generis

112 2419 427 2483 cruciatus
471 2421 591 2485 Dei
641 2421 911 2486 cultores
959 2421 1246 2485 initiatos
1313 2440 1444 2486 esse
1508 2441 1544 2484 a
1591 2422 1860 2486 veritate
1908 2421 2185 2485 alienum

112 2539 237 2585 esse
283 2524 489 2605 putes.
560 2521 731 2601 Quae
779 2523 1046 2607 denique
1095 2523 1352 2589 disserit
1399 2525 1476 2588 de
1524 2525 1841 2590 sententia
1874 2523 2186 2605 Theologi

111 2625 400 2707 scriptor,
435 2627 601 2692 iuste
635 2626 791 2690 illos
815 2627 926 2691 illa
960 2646 1093 2692 esse
1124 2646 1358 2710 passos,
1392 2628 1753 2711 probabilia
1785 2626 1943 2691 mihi
1968 2627 2188 2692 viden-

113 2730 210 2791 tur
255 2747 410 2794 esse.
481 2732 578 2795 De
625 2750 693 2794 re
740 2731 877 2813 ipsa
925 2733 1137 2796 autem
1184 2732 1274 2796 nil
1319 2731 1466 2796 novi
1514 2731 1888 2814 scriptorem
1934 2732 2185 2797 tradere

114 2833 245 2914 quis
293 2836 389 2899 est
436 2835 590 2927 quin
634 2836 811 2903 sciat.

276 3026 504 3089 Restat
548 3026 620 3089 ut
664 3028 872 3105 verba,
907 3046 1065 3109 quae
1107 3028 1482 3092 scholiastes
1531 3028 1785 3111 quidam
1835 3031 1944 3094 aut
1987 3028 2186 3094 inter-

114 3147 246 3210 pres
294 3128 373 3194 ad
403 3130 614 3195 locum
648 3131 960 3215 quendam
991 3129 1280 3197 Platonis
1313 3133 1641 3199 adnotavit
1672 3151 2182 3199 commemorem.

115 3233 265 3298 Sunt
312 3233 481 3298 enim
538 3222 693 3299 haec
736 3233 1002 3304 ἐπειδᾶν
1044 3239 1167 3327 γᾰρ
1214 3236 1505 3315 ἑπτέτεις
1558 3237 1825 3323 γένωντο
1872 3256 2186 3319 exponens

116 3335 264 3401 dicit
301 3339 342 3426 ἢ
379 3338 470 3417 ὠς
510 3346 604 3425 ’τῷ
636 3339 880 3430 Μίθραν
919 3338 1152 3409 οἰκεῖον
1190 3342 1302 3407 τὸν
1344 3337 1689 3430 ζιὲριθμὸν,
1731 3339 1800 3407 ὅν
1844 3343 2184 3432 διαφερόν-

113 3466 232 3520 τως
288 3441 350 3508 οἱ
395 3442 654 3531 Πέρσαι
702 3441 1006 3527 σέβουσιν
1049 3443 1121 3526 2).
1242 3445 1589 3510 Numerum
1669 3446 1879 3509 autem
1937 3446 2181 3527 septem

116 3542 239 3607 Deo
297 3544 572 3609 Mithrae
648 3563 893 3609 sacrum
961 3545 1174 3626 fuisse,
1230 3548 1516 3630 quamvis
1585 3548 1754 3613 nullo
1824 3550 1951 3613 alio
2019 3550 2183 3613 teste

117 3647 532 3727 confirmetur,
581 3667 722 3712 cum
786 3651 1030 3733 septem
1091 3651 1507 3733 probabiliter
1551 3651 1942 3717 initiatorum
1993 3652 2182 3716 fuisse

119 3754 582 3834 cognoverimus
615 3754 864 3835 gradus,
913 3755 1133 3819 credas
1165 3753 1473 3837 scriptore
1519 3757 1703 3820 teste.
1768 3755 1921 3821 Cum
1970 3757 2180 3820 autem

246 3958 285 4024 ¹)
320 3959 399 4015 ed.
437 3960 487 4013 J.
515 3960 572 4014 P.
599 3961 797 4027 Migne,
832 3962 975 4016 Patr.
1012 3978 1146 4015 curs,
1185 3979 1285 4026 ser,
1321 3979 1495 4031 graec.
1532 3967 1724 4033 poster.
1754 3962 2001 4019 CXXVII
2029 3966 2181 4018 1222.

119 4040 269 4097 Α-Β
306 4047 430 4113 (601.
457 4048 562 4099 339
598 4047 679 4101 Bi.
721 4048 784 4100 In
809 4050 941 4101 orat.
966 4048 1191 4102 XXXIX
1226 4050 1278 4102 S.
1318 4048 1474 4118 Greg.
1512 4050 1660 4104 Paris
1699 4050 1851 4103 1864.
1887 4052 1973 4105 8⁰.

243 4131 286 4199 2)
320 4132 400 4187 ed.
437 4133 504 4186 D.
539 4133 825 4198 Ruhnken,
875 4133 1091 4189 Scholia
1125 4135 1184 4188 in
1216 4136 1499 4190 Platonem
1547 4136 1611 4189 ⁷7
1661 4136 1777 4199 (Εἰς
1824 4135 1923 4186 τόν
1964 4141 2180 4205 πρῶτων

136 4214 457 4289 Αλκιβιᾱδην.
494 4223 561 4274 32
596 4220 654 4288 f.)
690 4222 941 4288 Lugduni
977 4222 1297 4277 Batavorum
1337 4224 1487 4275 1800.
1541 4224 1627 4276 8⁰.

1834 4328 1867 4380 5

2298 453 2405 509 XLI.
2446 454 2639 508 Nicetas

2295 523 2649 577 Serroniensis.

2254 3054 2594 3111 XLII.Sch01ia
2618 3057 2670 3111 ’rn

2324 3124 2596 3179 Platonem.
