2925 4802
110 1056 117 1065 Ι
743 949 1092 1028 Veterum
1145 946 1596 1047 scriptorum
1651 948 1779 1047 qui

104 1116 115 1127 -
217 1070 308 1148 110
370 1069 685 1157 Mithrae
753 1069 879 1147 Dei
944 1069 1136 1148 Solis
1198 1068 1468 1147 Invicti
1543 1071 1754 1148 cultu
1824 1069 2297 1171 scripserunt

1030 1190 1482 1271 testimonia.

388 1365 663 1465 Initium
696 1400 998 1465 faciamus
1031 1400 1109 1464 ab
1145 1399 1584 1483 antiquissimo
1611 1401 1887 1465 veterum
1920 1400 2298 1483 scriptorum

219 1505 609 1570 testimonio,
706 1506 952 1571 Docent
1008 1505 1177 1570 enim
1239 1507 1429 1571 verba
1491 1505 1799 1570 Herodoti
1868 1507 2167 1574 καλέουσι
2228 1510 2299 1575 δὲ

213 1608 551 1700 Ἀσσύριοι
597 1612 714 1697 τήν
755 1606 1144 1699 Ἀφροδίτην
1183 1608 1396 1677 Muza
1411 1638 1510 1688 τα,
1551 1607 1856 1697 Ἀράβιοι
1905 1611 1976 1677 δὲ
2013 1612 2298 1694 Ἀλιλάτ,

212 1712 472 1803 Πέρσαι
541 1714 610 1780 δὲ
677 1713 945 1804 Μίτραν
1009 1713 1128 1796 (sic
1149 1716 1192 1796 ἔ)
1216 1713 1265 1796 l)
1335 1713 1461 1777 iam
1525 1713 1631 1779 illo
1691 1715 1972 1797 tempore
2044 1713 2298 1781 Graecis

104 1864 115 1875 .
210 1816 391 1883 illum
463 1819 795 1883 Persarum
859 1819 1096 1884 cultum
1172 1818 1538 1884 innotuisse.
1632 1817 1803 1897 Quae
1912 1838 2298 1885 commemo-

104 1932 117 1951 ⁴
212 1939 411 2003 rasse,
459 1941 599 1986 cum
647 1923 883 1988 cultum
917 1922 1099 1985 illum
1123 1923 1478 1988 Romanum
1527 1923 1860 2005 praecipue
1894 1923 2294 2007 investigem,

104 2082 117 2091 ‚
212 2027 367 2093 satis
410 2025 620 2093 habes.

388 2183 639 2247 Primus
685 2184 898 2247 autem
944 2184 1171 2248 Persas
1230 2202 1341 2265 per
1385 2184 1688 2249 Mithram
1737 2184 1976 2250 iurasse
2022 2185 2297 2250 affirmat

213 2289 569 2370 Xenophon
630 2286 839 2352 verbis
895 2288 1000 2353 καὶ
1061 2286 1155 2370 μοὶ
1210 2290 1327 2353 τόν
1372 2288 1649 2376 ΖΜίθρην
1694 2286 1819 2375 ἐγώ
1862 2315 1961 2355 τοι
2009 2288 2294 2373 ἐχθέςῗ).

106 2473 117 2488 ι
209 2391 624 2475 Perspicuum
683 2392 779 2456 est
850 2389 942 2455 nil
999 2391 1144 2456 novi
1207 2411 1278 2457 ex
1324 2389 1424 2456 his
1484 2391 1690 2457 verbis
1761 2392 1836 2456 de
1908 2393 2076 2458 cultu
2156 2394 2295 2475 ipso

212 2498 354 2562 sive
423 2516 461 2561 a
516 2495 729 2560 Persis
803 2495 936 2560 sive
993 2515 1030 2559 a
1083 2495 1385 2561 Romanis
1432 2497 1686 2577 peracto
1746 2495 2037 2579 intellegi
2093 2514 2292 2578 posse.

390 2654 568 2717 Idem
626 2652 756 2716 fere
806 2653 973 2736 quod
1035 2672 1107 2716 ex
1176 2652 1380 2734 primo
1444 2651 1885 2735 Xenophontis
1926 2655 2295 2720 testimonio

112 2841 119 2852 Ι
215 2757 575 2850 cognovisti
622 2757 957 2839 intellegas
990 2777 1062 2821 ex
1113 2757 1315 2823 verbis
1362 2759 1611 2843 ὄμνυμί
1657 2781 1759 2825 σοι
1805 2760 1918 2827 τὸν
1946 2760 2295 2848 Μίθρηιβ).

214 2864 345 2930 Sed
409 2862 1029 2928 commemorandum
1093 2864 1188 2927 est
1246 2863 1364 2928 hoc
1425 2864 1565 2928 1000
1627 2864 1998 2946 scriptorem
2066 2863 2296 2948 Cyrum

214 2969 352 3032 iure
399 2967 661 3031 iurando
695 2985 819 3030 non
863 2967 1111 3031 tantum
1145 2967 1323 3051 quasi
1368 2967 1493 3034 ioci
1539 2968 1675 3033 loco
1722 2969 2004 3032 utentem
2037 2968 2294 3051 fingere,

112 3065 117 3074 '
212 3072 331 3137 sed
390 3071 802 3152 pollicentem
860 3086 926 3134 se
972 3069 1333 3137 valetudine
1396 3071 1691 3135 restituta
1738 3071 1998 3137 definita
2051 3073 2296 3137 ratione

108 3161 117 3242 ἶ
215 3193 354 3240 esse
444 3174 771 3240 victurum.
899 3174 1252 3257 Perspicias
1347 3174 1543 3257 igitur
1655 3175 1862 3240 verbis
1968 3175 2297 3257 scriptoris

214 3279 508 3345 constare
536 3277 812 3343 Mithrae
853 3277 1094 3344 cultum
1142 3278 1585 3361 Xenophontis
1628 3297 1874 3362 quoque
1904 3279 2294 3360 temporibus

106 3455 115 3468 Ι
213 3383 385 3466 apud
429 3383 650 3446 Persas
696 3380 877 3446 valde
922 3382 1224 3449 floruisse.

393 3538 492 3600 De
556 3536 830 3601 Mithrae
898 3536 1015 3600 Dei
1082 3534 1246 3601 Solis
1313 3537 1481 3617 apud
1546 3538 1771 3601 Persas
1840 3535 2003 3601 cultu
2070 3537 2293 3602 Strabo

209 3642 418 3727 tradit
479 3641 671 3705 verba
736 3640 893 3705 haec
975 3641 1233 3727 Πέρσαι
1286 3641 1520 3728 ,τοίνυν
1598 3641 1942 3729 ἀγάλματα
2007 3642 2124 3726 μὲν
2188 3641 2297 3706 καὶ

209 3746 486 3831 βωμούς
552 3746 671 3828 οὐχ
731 3742 1078 3834 ἱδρύονται,
1125 3743 1377 3812 θύουσι
1444 3744 1570 3813 δ’ἐν
1633 3747 1868 3837 ’ὑψηλῷ
1925 3746 2131 3830 τόπῳ,
2188 3748 2300 3811 τὸν

200 3845 495 3937 ὀυ’ρανὸν
529 3848 871 3936 ἡγούμενοι
902 3848 1049 3917 Δία.
1110 3857 1353 3932 τιμῶσι
1392 3849 1464 3916 δὲ
1494 3849 1862 3929 καὶἽΙλιον,
1909 3848 1982 3915 ὃν
2026 3846 2298 3916 καλοῦσι

288 4055 326 4122 ¹)
364 4054 449 4108 ed.
486 4054 553 4108 H.
593 4054 743 4109 Stein
780 4056 808 4108 Ι
843 4056 929 4117 88,
969 4056 1173 4108 19-20
1243 4053 1305 4108 Α.
1350 4058 1464 4110 131.
1503 4056 1745 4110 Berolini
1785 4058 1932 4111 1869.
1969 4058 2040 4113 8⁰.

285 4143 326 4209 ²)
364 4142 450 4195 ed.
485 4141 546 4196 L.
584 4140 820 4195 Dindorf
851 4144 968 4196 357.
1007 4143 1288 4198 Institutio
1326 4143 1452 4213 Cyri
1487 4143 1594 4198 VII
1632 4147 1680 4211 5,
1718 4146 1784 4197 53
1824 4143 2188 4198 0110ῃί11857.
2223 4145 2294 4198 8⁰.

283 4227 326 4297 ³)
364 4228 451 4284 ed.
490 4226 545 4284 C.
586 4228 818 4312 §cheukl
858 4231 913 4283 ΙΙ
955 4231 1069 4284 152.
1107 4228 1485 4284 Oeconomicus
1523 4231 1599 4284 lV
1635 4234 1701 4283 24
1738 4232 1977 4286 Berolini
2018 4233 2167 4286 1876.
2222 4233 2292 4288 8⁰.

2395 1404 2429 1457 1.
2467 1403 2760 1479 Herodotus.

2368 2204 2408 2256 11
2441 2203 2781 2272 LXenophon.

2371 2675 2410 2729 11
2432 2673 2780 2743 2.Xenophon.

2383 3564 2447 3617 111
2491 3566 2534 3617 1.
2564 3563 2753 3618 Strabo.
2767 3523 2838 3574 ἈΕ
