2925 4802
1216 253 1298 316 93

211 477 364 524 cum
421 476 557 523 eam
603 475 794 539 supra
851 457 1018 523 tauri
1063 460 1253 541 caput
1297 459 1530 538 fictam,
1592 462 1710 523 etsi
1770 461 1951 526 valde
1998 461 2295 533 deletam,

206 563 466 629 habeas,
557 562 730 643 Quae
801 582 939 627 cum
1007 564 1099 629 ita
1143 564 1289 641 sint,
1361 563 1514 648 quid
1582 564 1659 628 de
1737 584 1810 628 03
1874 583 2142 647 persona
2216 565 2300 630 sit

209 651 639 748 statuendum,
691 667 758 731 in
813 668 1173 732 discrimine
1217 667 1525 751 relinquo.
1577 668 1661 732 At
1728 687 2151 735 commemoro
2197 689 2298 734 ra-

208 771 465 837 rissime
520 772 790 837 feminas
836 773 904 836 in
965 772 1324 837 Mithriacis
1395 791 1533 837 esse
1581 774 1775 839 fictas.
1864 775 2105 853 Restat,
2154 793 2295 839 cum

208 876 717 958 inscriptionem,
764 878 850 941 Μ.
895 877 956 942 S.
998 877 1067 945 E.
1101 879 1177 942 X.
1210 880 1283 943 B.
1333 877 1406 944 Ο.
1451 878 1520 944 Ρ.
1566 879 1813 942 1311111111
1861 879 2293 959 praebentem,

208 979 400 1045 inane
459 982 546 1046 sit
588 980 990 1064 investigare,
1026 983 1098 1046 ut
1130 982 1442 1046 affirmem
1489 981 1798 1047 artificem
1857 981 2040 1047 huius
2087 983 2293 1067 ectypi

208 1084 383 1150 haud
427 1086 615 1151 fuisse
662 1087 995 1169 optimum.

394 1309 590 1375 Aliud
654 1311 1064 1377 simulacrum·
1118 1312 1534 1396 inscriptione
1606 1314 1894 1378 ornatum
1965 1313 2066 1377 cui
2132 1313 2294 1377 nihil
2365 1317 2415 1370 L·
2464 1317 2776 1388 p.11xxx111.

205 1415 601 1480 accuratiore
635 1415 1074 1498 explanatione
1100 1416 1279 1500 digni
1323 1417 1492 1482 inest
1521 1418 1785 1499 praebet
1831 1417 2085 1501 pagina,
2136 1437 2291 1501 quae

203 1519 515 1601 sequitur.
605 1520 718 1584 Est
782 1522 994 1584 autem
1039 1521 1360 1603 sculptura
1405 1521 1640 1584 nullius
1699 1512 1844 1587 fere*
1892 1521 2045 1587 artis
2105 1522 2293 1587 docu-

202 1625 519 1700 mentum,
569 1624 859 1689 omnibus
905 1625 1398 1708 scenographiae
1443 1626 1691 1710 legibus
1738 1645 1974 1692 carens.

384 1830 587 1897 Valde
619 1833 696 1896 ab
741 1832 880 1897 aliis
918 1832 1206 1897 omnibus
1252 1833 1605 1899 simulacris
1653 1832 1948 1899 abhorret
1993 1834 2078 1911 id,
2128 1824 2292 1915 quod
2502 1841 2555 1895 L.
2589 1859 2635 1913 p.

201 1935 456 2001 invenis
523 1936 589 1999 in
660 1936 878 2002 tabula
953 1938 1341 2020 octogesima
1423 1940 1661 2029 quarta.
1751 1940 2032 2003 Primum
2114 1940 2291 2004 vides
2379 1912 2584 1966 LXXXIV
2626 1913 2671 1978 1,
2709 1915 2758 1966 ²·

198 2039 516 2104 Mithram
575 2039 759 2105 solito
817 2041 1000 2105 modo
1072 2043 1317 2105 taurum
1385 2043 1733 2109 necantem.
1810 2042 2029 2107 Alium
2083 2044 2290 2107 autem

199 2143 533 2209 hominem
567 2143 790 2210 artifex
825 2144 1021 2222 finxit,
1071 2144 1176 2227 qui
1226 2146 1485 2210 caudam
1533 2145 1695 2210 tauri
1744 2145 2021 2223 sinistra,
2071 2148 2294 2212 dextra

202 2267 425 2314 ensem
454 2250 650 2315 tenet.
729 2247 927 2328 Quam
976 2249 1055 2313 ob
1087 2269 1220 2314 rem
1264 2250 1613 2331 putandum
1648 2251 1742 2314 est
1771 2247 1950 2314 illum
1983 2250 2289 2315 Mithram

200 2354 502 2420 adiuvare
549 2353 615 2417 in
645 2355 825 2418 tauro
892 2354 1190 2420 necando,
1269 2353 1441 2418 Deus
1503 2355 1637 2436 ipse
1687 2355 1750 2420 et
1811 2374 2021 2420 servus
2079 2346 2325 2439 palliis‘

200 2458 418 2522 fibulis
452 2457 734 2539 alligabis
756 2460 914 2523 'sunt
939 2458 1166 2524 ornati.
1217 2458 1275 2521 A
1304 2460 1487 2540 tergo
1512 2459 1790 2524 hominis
1814 2459 2289 2527 commemorati

204 2562 447 2626 animal
511 2563 656 2640 stat,
721 2562 797 2626 de
861 2562 1037 2626 cuius
1093 2562 1314 2626 natura
1371 2562 1648 2626 dubitari
1710 2565 1936 2645 potest.
2030 2563 2287 2649 Cogites

205 2667 419 2731 autem
467 2684 618 2746 prae
683 2666 910 2731 ceteris
981 2667 1058 2730 de
1104 2665 1285 2730 leone
1348 2667 1640 2749 quodam,
1709 2669 2083 2752 praesertim
2146 2687 2286 2732 cum

205 2757 486 2834 Mithrae
534 2769 694 2833 illud
740 2769 974 2833 animal
1020 2771 1306 2834 sanctum
1339 2770 1530 2835 fuisse
1565 2771 1896 2852 cognitum
1927 2770 2285 2838 habeamus,

110 2914 127 2920 -
205 2879 466 2943 Servum
513 2879 722 2943 autem
771 2879 995 2943 artifex
1043 2879 1496 2943 consistentem
1527 2878 1739 2944 reddit
1769 2880 1835 2943 in
1882 2879 2045 2944 cista
2075 2880 2288 2944 rotun-

206 2982 305 3059 da,
348 2983 413 3046 in·
462 3001 581 3064 qua
627 2982 707 3046 ad
755 2983 989 3046 cultum
1036 3001 1135 3047 res
1180 2984 1569 3049 necessarias
1614 2966 1891 3049 servatas
1937 3001 2072 3048 esse
2119 2984 2287 3048 recte

202 3086 597 3153 indicaveris.
659 3086 759 3150 Ad
793 3086 954 3152 hanc
989 3086 1387 3151 mactationis
1428 3075 1911 3169 explicationem
1960 3087 2282 3165 accedunt,

204 3192 362 3273 quae
395 3189 617 3253 infimo
651 3189 950 3272 imaginis
989 3209 1132 3273 pars
1177 3210 1290 3255 nos
1340 3192 1541 3256 docet.
1635 3191 1790 3255 Cum
1824 3191 1994 3256 enim
2027 3209 2284 3273 serpens

208 3314 282 3358 ex
326 3296 627 3374 amphora
657 3294 1026 3376 sanguinem
1058 3294 1307 3360 haurire
1337 3295 1511 3372 velit,
1560 3313 1771 3359 servus
1806 3296 1969 3359 alter
1998 3295 2283 3376 pateram

208 3399 277 3462 et
340 3398 557 3462 dextra
635 3399 700 3463 et
787 3398 1046 3463 sinistra
1121 3383 1552 3480 complectens
1626 3398 1680 3464 ei
1756 3400 2032 3481 praebet.
2109 3399 2283 3462 Inter

207 3493 567 3583 amphoram
601 3503 663 3584 et
686 3521 932 3567 servum
958 3502 1203 3566 invenis
1225 3502 1453 3567 3113113
1486 3503 1811 3584 quaedam.
1884 3501 2048 3581 Quid
2071 3504 2281 3567 autem

208 3604 325 3670 sibi
390 3605 551 3669 velit
616 3605 775 3671 haec
843 3606 1168 3690 sanguinis
1237 3607 1399 3670 tauri
1471 3606 1647 3689 quasi
1714 3606 1988 3689 serpenti
2035 3607 2280 3685 11113110,

206 3727 314 3793 pro
356 3709 528 3773 certo
578 3727 702 3773 non
736 3710 958 3775 habeo.
1050 3710 1139 3774 At
1187 3710 1461 3775 concedo
1509 3711 1819 3776 artificem
1854 3711 2279 3776 demonstrare

208 3812 382 3880 nobis
428 3813 593 3876 velle
636 3811 959 3878 hominem
1006 3812 1183 3878 illum
1230 3832 1304 3878 ea
1364 3814 1439 3879 de
1503 3832 1688 3878 031133
1730 3815 1981 3896 pateras
2027 3813 2279 3892 habere,

206 3917 281 3981 111
330 3936 401 3981 03
460 3916 764 3998 sanguine
813 3936 886 3981 ex
948 3917 1253 3999 amphora
1313 3919 1663 4000 completas
1723 3917 1884 3995 cani,
1947 3918 2056 3999 qui
2111 3918 2283 3982 iuxta

211 4040 341 4085 eum
409 4021 608 4100 sedet,
681 4021 920 4089 offerat.
1014 4021 1188 4101 Quae
1273 4023 1587 4087 sententia
1654 4021 1985 4087 abhorrere
2033 4022 2282 4087 videtur

211 4125 288 4190 ab
313 4125 408 4202 iis,
435 4144 593 4208 quae
625 4126 701 4190 de
733 4127 813 4190 iis
839 4145 993 4209 quae
1021 4127 1194 4190 canis
1227 4127 1308 4190 ad
1340 4125 1788 4192 cultum=illum
1823 4127 2281 4208 explanandum

211 4230 420 4296 doceat
467 4232 906 4314 cognoscenda
952 4229 1304 4295 statuimus,
