2925 4802
127 1292 238 1349 XVI.
283 1291 541 1346 ArnobiuS.

1602 218 1690 284 32

607 424 795 489 libri:
847 425 944 489 De
1006 428 1187 489 antro
1243 424 1680 509 Nympharum
1727 426 1882 493 ὅταν
1945 428 2025 512 δὴ
2084 434 2180 511 τῷ
2223 424 2455 515 Πέρσῃ
2502 449 2730 513 προς-

606 526 812 617 ἀγωσι
880 530 1028 614 μέλι
1091 530 1186 608 «ἇς
1253 527 1501 617 φύλακι
1559 538 1834 620 καρπῶν
1861 529 1911 608 ¹)
1991 547 2108 593 nec
2171 546 2300 592 non
2357 528 2571 591 verba
2657 528 2728 589 in

608 634 816 716 capite
865 632 1371 698 duodevicesimo
1419 631 1699 697 eiusdem
1746 631 1895 697 libri
1941 642 2052 699 καὶ.
2110 631 2488 715 βουκλόπος
2541 629 2726 708 θεὸς

608 740 643 804 ὁ
677 740 790 823 τήν
834 737 1076 823 γένεσιν
1119 734 1496 824 λεληθότως
1538 734 1880 817 ιῖκοὺωνῖ).
1950 734 2073 799 Sed
2121 734 2406 818 quamvis
2453 734 2731 798 constet

607 840 981 922 scriptorem
1048 840 1300 904 vocibus
1360 842 1588 931 Πέρσῃ
1644 841 1711 904 et
1750 839 2124 925 βουκλόπος
2177 841 2340 917 θεὸς
2389 838 2728 902 Mithram

608 943 988 1023 significare,
1020 945 1256 1020 tamen,
1306 962 1445 1007 cum
1482 945 1561 1008 ad
1591 962 1723 1008 rem
1757 962 1794 1007 a
1826 944 2005 1035 nobis
2049 943 2571 1024 investigandam
2627 943 2726 1006 nil

610 1049 752 1112 novi
803 1048 1087 1126 afferant,
1136 1065 1242 1111 eas
1290 1049 1783 1128 praetereundas
1828 1066 1962 1112 esse
2010 1049 2187 1112 duco,

784 1282 870 1346 Ut
899 1284 1291 1347 transeamus
1331 1282 1410 1346 ad
1440 1282 1809 1362 Arnobium‚
1860 1283 2048 1348 verba
2095 1284 2225 1347 eius
2261 1282 2730 1365 intellegenda

612 1388 772 1464 sunt,
823 1405 980 1469 quae
1014 1388 1264 1451 exstant
1301 1386 1369 1450 iu
1404 1387 1616 1469 capite
1651 1387 1896 1452 decimo
1935 1380 2085 1451 lib'ri
2116 1385 2278 1453 sexti
2311 1384 2728 1469 disputatio-

615 1510 794 1554 num:
830 1490 1142 1555 Adversus
1191 1492 1434 1571 gentes,
1514 1491 1719 1556 Codex
1767 1490 2233 1572 manuscriptus
2280 1490 2477 1555 habet
2529 1490 2730 1555 Inter

613 1594 757 1658 deos
822 1592 1098 1656 videmus
1165 1608 1396 1658 vestros
1466 1594 1662 1657 leones
1729 1595 2127 1658 novissimam
2177 1592 2445 1680 faciem,
2526 1619 2719 1659 mero

534 1696 541 1713 '
613 1698 800 1761 oblita
866 1699 1057 1774 mim‘o
1123 1712 1177 1762 et
1244 1697 1316 1761 de
1382 1699 1625 1762 nomine
1674 1697 1875 1786 frug.
1918 1754 1977 1765 ..
2028 1701 2183 1764 erio
2251 1702 2638 1786 nuncupari
2644 1698 2727 1781 ³).

135 2998 252 3054 xvu
288 3000 334 3051 1.
358 2995 549 3052 Flavius

220 3068 471 3138 Vopiscus.

615 1802 1129 1868 coniecturarum
1176 1820 1375 1883 paene
1436 1803 1956 1868 innumerabilem
2018 1823 2342 1870 numerum
2405 1822 2725 1867 enarrare

614 1908 873 1989 longum
907 1909 1019 1974 est.
1069 1905 1464 1971 Satisfecisse
1495 1906 1652 1971 mihi
1684 1907 1922 1987 videor,
1958 1926 2095 1972 cum
2129 1927 2331 1990 neque
2363 1906 2730 1972 abhorreat

615 2012 706 2075 ita
750 2031 786 2075 a
829 2012 1109 2075 Mithrae
1154 2011 1326 2076 cultu
1374 2013 1443 2076 ut
1505 2012 1583 2076 ab
1649 2012 1914 2077 aliorum
1978 2012 2235 2076 deorum
2301 2012 2728 2076 veneratione

618 2115 994 2180 consuetudo
1028 2114 1131 2179 dei
1161 2114 1474 2196 imagines
1507 2134 1679 2180 mero
1711 2115 1910 2180 minio
1942 2115 2288 2194 eminendi,
2323 2133 2524 2196 neque
2560 2115 2728 2180 ido-

617 2238 769 2283 neus
814 2220 919 2284 hic
965 2220 1139 2284 locus
1184 2218 1486 2297 videatur,
1522 2219 1628 2301 qui
1663 2221 1825 2284 hanc
1861 2240 1996 2286 rem
2043 2221 2136 2286 ita
2179 2240 2244 2285 se
2290 2222 2543 2301 semper
2597 2225 2727 2286 aut

618 2323 864 2408 saepius
894 2323 1181 2387 habuisse
1206 2323 1269 2386 in
1295 2322 1778 2389 Mithriacorum
1808 2324 2165 2389 simulacris
2197 2325 2384 2408 plane
2416 2323 2725 2404 edoceat,

616 2429 805 2493 verba
836 2429 971 2510 ipsa
1002 2429 1068 2492 in
1098 2427 1308 2492 medio
1340 2427 1721 2511 relinquens.
1802 2429 1955 2493 Cum
1989 2429 2158 2494 euim
2190 2428 2306 2492 viri
2346 2429 2723 2493 doctissimi

621 2533 698 2596 de
731 2532 857 2596 illis
886 2532 1146 2597 vocibus
1178 2532 1663 2615 disputaverint,
1697 2535 1910 2598 tamen
1945 2533 2254 2599 Orellium
2289 2548 2346 2595 v.
2380 2532 2442 2596 d.
2474 2550 2724 2614 sequor

621 2636 968 2702 dicentem:
1017 2638 1144 2702 Sed
1190 2637 1354 2701 hunc
1401 2637 1609 2701 locum
1656 2636 2108 2702 difficillimum
2156 2635 2537 2701 doctioribus
2595 2654 2722 2699 ex-

620 2740 1007 2823 planandum
1054 2741 1364 2823 relinquo.

794 2977 890 3040 De
936 2976 1069 3041 Deo
1108 2975 1255 3046 Sole
1303 2976 1546 3041 Invicto
1593 2975 1789 3041 etiam
1839 2975 2088 3040 Flavius
2135 2973 2444 3055 Vopiscus
2490 2977 2715 3040 narrat

618 3081 687 3144 in
732 3080 940 3161 capite
989 3081 1207 3162 quarto
1255 3080 1404 3144 libri
1453 3081 1530 3145 de
1575 3080 1937 3147 Aureliano,
2038 3079 2246 3144 Verba
2290 3080 2499 3143 autem
2546 3077 2712 3141 haec

616 3197 874 3249 matrem
918 3183 1167 3270 quidem
1211 3185 1342 3247 eius
1381 3183 1749 3247 Callicrates
1807 3183 2035 3270 Tyrias·
2083 3180 2470 3245 Graecorum
2522 3180 2709 3268 longe

619 3287 1009 3351 doctissimus
1039 3288 1308 3373 scriptor
1336 3286 1712 3351 sacerdotem
1756 3286 1973 3372 templi
2011 3283 2179 3350 Solis
2223 3286 2295 3367 (i.
2344 3302 2377 3347 e
2423 3282 2708 3348 Mithrae

620 3393 688 3455 ut
740 3412 811 3456 ex
845 3392 1117 3457 aliorum
1149 3391 1531 3457 testimoniis
1562 3390 1821 3473 scimus)
1866 3391 1934 3453 in
1964 3390 2098 3453 vico
2143 3411 2227 3471 eo,
2273 3388 2342 3451 in
2375 3411 2492 3473 quo
2520 3387 2707 3450 habi-

622 3497 833 3559 tabam
862 3510 1181 3582 parentem,
1213 3494 1429 3582 fuisse
1475 3494 1628 3559 dicit
1646 3496 1715 3576 ⁴).
1809 3493 1981 3576 Quae
2030 3514 2170 3557 cum
2215 3492 2311 3557 ita
2371 3494 2517 3571 sint,
2567 3491 2707 3573 pri-

622 3619 793 3663 mum
857 3600 1194 3682 intellegas
1240 3600 1582 3663 maximam
1637 3599 1830 3663 fuisse
1890 3597 2355 3664 venerationem
2405 3595 2703 3675 Mithrae,

766 3776 802 3841 ¹)
841 3772 921 3827 ed.
958 3774 1018 3826 R.
1045 3773 1116 3829 M.
1143 3788 1244 3827 van
1282 3771 1455 3827 Goens
1497 3774 1577 3825 16.
1650 3771 1885 3827 Traiecti
1922 3771 1990 3826 ad
2026 3770 2265 3825 Rhenum
2307 3770 2457 3852 ‚17⁰5-
2506 3771 2581 3823 4⁰.

760 3861 781 3892 ²
861 3901 872 3911 .
943 3904 953 3915 .
998 3863 1021 3911 l
1065 3905 1076 3916 .

761 3860 802 4012 δῖ
835 3861 938 4000 leg
977 3861 1108 4003 J.8P.
1134 3947 1334 4016 Migne‚
1368 3947 1510 4003 Patr.
1539 3964 1673 4001 curs,
1709 3949 1843 4018 patr.
1869 3947 1967 4001 lat.
2000 3964 2098 4000 ser.
2126 3963 2203 4017 pr.
2241 3946 2289 4000 V
2345 3945 2705 3999 1182-1183.

621 4033 768 4088 Paris
811 4036 959 4087 1844.
1031 4035 1105 4088 8⁰.
1422 4039 1428 4045 ’

761 4121 803 4187 ⁴)
877 4120 1050 4175 edasH.
1077 4120 1273 4174 Jordan
1310 4125 1366 4175 et
1400 4122 1456 4176 F.
1498 4120 1873 4190 Eyssenhardt.
1939 4120 2156 4190 Scriptt.
2181 4118 2305 4173 hist.
2334 4135 2454 4187 aug.
2491 4117 2546 4171 11
2590 4117 2706 4184 138,

628 4208 690 4258 11
712 4236 740 4243 -
767 4210 849 4261 13.
920 4207 1174 4262 Aurelian
1209 4210 1257 4263 4.
1331 4208 1571 4263 Berolini
1608 4209 1757 4261 1864.
1829 4209 1899 4262 80.
