2925 4802
1209 266 1327 331 107
1374 254 1377 259 ’

226 475 636 557 explicatum.
711 474 1000 540 Primum
1028 475 1326 541 mactatio
1360 476 1518 559 ipsa,
1551 477 1645 540 nil
1669 475 1798 542 fere
1831 478 1977 544 novi
2002 480 2309 561 praebens

227 580 614 643 circumdata
652 580 749 643 est
791 579 1006 643 multis
1041 578 1444 669 imaginibus,
1512 582 1667 645 Prae
1695 583 1921 647 ceteris
1951 584 2047 648 est
2072 603 2312 649 memo-

226 683 460 747 randus
508 681 794 760 circulus,
844 681 943 746 cui
989 682 1158 765 inest
1205 681 1542 748 zodiacus:

411 785 573 850 Sunt
617 786 804 868 ariae,
854 800 1095 868 raama,
1138 788 1388 874 yemali,
1435 812 1678 870 cancer,
1728 787 1839 871 leo,
1887 790 2081 877 viv-90,

404 888 727 975 ‚Libraque
759 891 1069 976 scarpim-3,
1093 891 1459 973 arcitenens)
1496 915 1706 977 caper,
1739 891 2065 979 amphora,
2077 896 2309 981 pisces,

403 1008 558 1076 Cum
655 1011 867 1076 autem
964 1012 1199 1077 habeas
1298 1012 1609 1078 tredecim
1709 1013 2019 1098 imagines
2109 1033 2310 1097 neque

225 1116 458 1181 ultima
525 1116 861 1185 simulacra
929 1116 1102 1180 certo
1173 1117 1462 1199 cognosci
1530 1111 1802 1200 possint,
1878 1118 2090 1183 utrum
2164 1118 2311 1184 ulti-

228 1240 401 1285 mum
462 1221 760 1304 imaginis
820 1220 1107 1301 spatium·
1154 1219 1347 1285 fuerit
1391 1240 1675 1299 vacuum,
1741 1241 1819 1286 an
1879 1222 2079 1304 pisces
2140 1242 2311 1288 com-

226 1324 544 1409 pleverint
591 1325 710 1389 duo
758 1324 982 1405 spatia,
1033 1323 1279 1388 definiri
1326 1325 1565 1407 nequit.
1633 1325 1754 1390 Sed
1815 1325 1965 1407 quin
2010 1322 2309 1391 Zodiacus

226 1446 382 1494 unus
461 1427 651 1494 fuerit
724 1427 1035 1510 depictus,
1100 1427 1363 1492 dubium
1431 1448 1556 1493 non
1627 1430 1742 1496 est.
1831 1431 1974 1494 ‘Iam
2034 1428 2113 1493 ad
2182 1430 2310 1495 tria

227 1525 528 1616 suprema
584 1531 982 1615 pervenimus
1027 1531 1371 1598 simulacra
1413 1533 1871 1616 investiganda.
1948 1536 2021 1598 In
2068 1534 2336 1600 duobus*

227 1639 400 1704 enim
464 1636 714 1720 angulis
760 1636 1011 1702 exstant
1066 1635 1253 1703 solito
1304 1638 1491 1703 modo
1538 1638 1691 1703 solis
1740 1637 1803 1702 et
1844 1637 2027 1702 lunae
2075 1657 2304 1705 currus,

224 1743 503 1823 Quorum
535 1743 809 1808 alterum
842 1739 1238 1806 circumdant
1274 1743 1455 1807 arbor
1488 1742 1811 1825 frugifera,
1860 1742 2034 1808 cuius
2067 1743 2316 1810 fructus

216 1849 320 1913 ‘vir
380 1847 603 1928 carpit,
653 1863 890 1924 corvuS,
918 1866 1125 1928 ¹quem
1175 1846 1504 1930 cognitum
1563 1845 1888 1926 habemus,
1936 1846 2030 1911 vir
2076 1846 2183 1912 ille
2232 1867 2306 1913 ex

222 1953 446 2018 arbore
478 1967 542 2017 se
576 1951 838 2034 erigens,
889 1969 1041 2032 puer
1085 1949 1552 2016 inflammatam
1609 1952 1815 2016 facem
1865 1952 2009 2016 ante
2057 1971 2304 2017 currum

221 2056 604 2139 praeferens,
674 2054 846 2119 venti
911 2053 1237 2119 cuiusdam
1285 2056 1493 2138 caput,
1542 2056 1655 2135 vir,
1715 2054 1889 2120 cuius
1934 2056 2128 2138 pedes
2176 2075 2306 2120 ser-

121 2182 127 2186 *
222 2159 509 2244 pentium
542 2178 813 2242 corpora
859 2156 1214 2224 ostendunt.
1293 2156 1457 2237 Quid
1506 2159 1630 2225 sibi
1663 2158 1863 2224 velint
1909 2160 2162 2239 omnia,
2189 2160 2306 2226 hoc

220 2263 512 2347 proximo
534 2263 817 2346 excepto,
838 2281 905 2326 re
923 2262 1062 2344 ipsa
1079 2261 1494 2346 cognoscitur.
1528 2265 1623 2327 De
1644 2283 1716 2328 eo
1736 2264 1945 2328 autem
1967 2263 2056 2327 nil
2074 2265 2304 2330 certius

223 2365 477 2433 decerni
507 2384 712 2449 posse,
747 2366 874 2431 iam
908 2383 1094 2449 supra
1125 2367 1711 2434 demonstravimus.
1771 2367 1975 2433 Huius
2007 2368 2305 2452 imaginis

222 2470 456 2536 similis
503 2471 600 2536 est
641 2470 861 2550 altera,
896 2490 1053 2553 quae
1085 2470 1271 2536 lunae
1305 2472 1700 2538 demonstrat
1730 2491 2034 2539 occasum.
2090 2473 2305 2539 Habes

226 2575 398 2639 enim
462 2593 669 2641 rursus
742 2594 1001 2658 puerum
1063 2595 1202 2640 cum
1262 2576 1418 2654 face,
1483 2594 1670 2660 quem
1732 2576 2079 2659 Hesperum
2148 2597 2303 2658 esse,

223 2698 363 2744 cum
411 2679 535 2744 alio
580 2680 718 2745 loco
764 2678 1205 2762 Phosphorum
1252 2680 1731 2762 cognoverimus
1779 2680 2000 2763 negari
2063 2683 2301 2765 nequit.

220 2786 444 2869 Neque
529 2785 740 2850 autem
806 2784 874 2849 id
942 2783 1096 2848 mihi
1160 2784 1491 2867 proposui,
1555 2785 1626 2848 ut
1692 2783 1962 2850 aliorum
2038 2787 2306 2870 vestigia

221 2890 490 2966 secutus
539 2889 751 2955 omnia
791 2890 1072 2954 Deorum
1105 2888 1361 2953 nomina
1410 2888 1740 2954 definirem
1789 2889 2006 2954 multis
2054 2890 2306 2956 coniec-

221 2994 386 3059 turis
446 3010 622 3073 usne,
685 2995 752 3058 at
812 2993 878 3057 id
936 3011 1126 3056 unum
1188 2992 1497 3074 spectavi,
1570 2993 1644 3056 ut
1704 2997 1857 3076 qu‘ae
1920 2993 2052 3057 sine
2115 2993 2303 3059 dubio

222 3118 365 3164 meo
399 3098 634 3164 iudicio
667 3096 794 3162 sint
825 3096 1255 3178 intellegenda
1285 3095 1574 3161 efficiam.
1637 3094 2030 3179 Quapropter
2062 3096 2303 3179 aliquot

220 3203 473 3267 tantum
535 3203 685 3268 deos
744 3200 882 3267 volo
932 3199 1312 3283 significare.
1403 3199 1691 3264 Primum
1738 3200 1916 3265 vides
1962 3200 2190 3265 ,Iovem
2238 3201 2303 3265 in

221 3307 382 3372 solio
473 3306 800 3370 sedentem
877 3306 941 3370 et
1013 3302 1247 3368 fulmen
1326 3303 1573 3382 dextra,
1650 3303 1907 3369 sinistra
1983 3305 2300 3387 sceptrum

220 3403 569 3477 tenentem.
655 3410 952 3493 Sequitur
997 3408 1230 3491 Apollo
1281 3410 1461 3494 quasi
1507 3410 1904 3494 requiescens
1951 3411 2014 3474 et
2059 3410 2301 3492 plectro

224 3513 504 3579 munitus
561 3530 751 3578 novos
793 3514 1095 3596 tanquam
1142 3515 1361 3580 modos
1407 3515 1791 3597 excogitans,
1879 3513 2044 3577 Huic
2090 3515 2302 3579 autem

222 3618 442 3683 adstat
500 3618 669 3683 Mars
730 3618 1014 3684 dextram
1076 3619 1290 3702 capiti,
1354 3620 1674 3685 sinistram
1726 3621 1903 3686 scuto
1951 3620 2300 3700 imponens,

224 3722 452 3805 quibus
490 3721 773 3805 gestibus
815 3719 1241 3805 quiescentem
1289 3744 1432 3790 eum
1479 3725 1633 3809 fingi
1668 3742 2024 3808 cognoscas,
2102 3722 2303 3803 Quar-

221 3828 361 3891 tum
408 3823 624 3889 locum
682 3826 861 3891 tenet
905 3825 1212 3892 Hercules
1258 3829 1433 3893 clava
1478 3827 1665 3894 nisus,
1759 3827 1967 3907 Quem,
2018 3828 2303 3910 quamvis

224 3931 335 3995 alii
385 3948 526 3993 eum
558 3930 938 3995 Mercurium
976 3947 1110 3997 esse
1143 3933 1507 4014 putaverint
1548 3952 1650 3997 me
1693 3933 1867 3998 recte
1911 3932 2301 3999 intellexisse

222 4050 587 4118 persuasum
656 4033 879 4100 habeo.
984 4036 1042 4100 A
1112 4036 1328 4101 dextra
1393 4037 1569 4103 Jovis
1637 4039 1816 4118 parte
1886 4036 2078 4102 habes
2146 4037 2301 4103 duas

222 4156 542 4223 personaS,
590 4141 666 4205 de
700 4159 961 4223 quarum
1009 4145 1234 4207 natura
1279 4142 1373 4207 est
1407 4142 1838 4220 dubitandum,
1887 4142 2009 4207 nisi
2057 4143 2300 4224 cogites

225 4246 303 4311 de
352 4247 599 4312 ,Iunone
646 4247 711 4311 et
754 4246 1059 4313 Minerva.
1148 4246 1479 4329 Equidem,
1527 4265 1668 4310 cum
1715 4244 1976 4310 alterius
2022 4246 2299 4312 alienum
