2925 4802
1184 242 1268 305 85

146 449 518 514 simulacra
584 447 925 513 Mithriaca
1002 448 1313 530 expressit
1388 449 1579 529 picta.
1604 474 1640 514 ‚¹
1688 449 2014 515 Dubitari..
2053 451 2265 515 autem

141 555 422 637 nequit,
491 553 641 636 quin
709 553 892 617 valde
960 552 1042 617 sit
1112 552 1483 631 dolendum,
1550 554 1738 636 quod:
1781 553 1886 618 ille
1951 553 2049 617 vir
2103 554 2266 622 ‘doc-.-

149 658 463 724 tissimus
525 657 1124 740 interpretationem
1165 657 1578 740 imaginum,
1647 659 1868 740 paucis
1924 659 2133 723 verbis
2193 658 2263 723 li-

147 762 286 827 bro
368 762 743 845 antepositis
819 761 1131 844 exceptiS,
1210 761 1465 826 omnino
1543 761 1844 833 01111811.
1879 761 2050 842 Quae
2120 781 2261 827 cum

149 867 260 932 ita
327 867 474 945 sint,
540 885 639 930 me
700 864 819 931 hoc
863 885 1049 947 opere
1112 865 1601 946 explicationem
1670 867 2025 931 accuratam
2092 867 2264 932 illius

148 971 383 1053 operis
445 965 676 1053 optimi
736 970 991 1037 dantem
1053 971 1253 1036 recte*
1287 970 1493 1053 egisse
1542 969 1714 1052 puto,
1771 1009 1846 1016 —
1891 970 2262 1053 Priusquam

147 1077 386 1139 autem
414 1158 415 1161 Ἴ
447 1074 568 1139 1106
614 1074 892 1157 perficio,
958 1076 1157 1139 restat
1210 1075 1281 1138 ut
1341 1073 1648 1137 affirmem
1700 1078 1811 1138 'me
1868 1072 2140 1157 plurima
2205 1076 2259 1141 si

149 1199 297 1245 non
346 1179 584 1257 omnia,
634 1194 790 1260 quae
836 1180 981 1244 sunt
1023 1179 1299 1257 inventa,
1344 1177 1683 1245 Mithriaca
1742 1197 2070 1261 exponere,
2119 1197 2259 1243 cum

148 1283 275 1347 alii
348 1283 601 1366 singula
663 1283 910 1349 tantum
984 1283 1455 1368 explicaverint.
1523 1319 1634 1349 -—
1727 1283 2028 1349 Ordinem
2096 1285 2261 1347 hunc

151 1387 478 1452 constitui
536 1387 665 1467 rei,
736 1386 1009 1468 primum
1079 1386 1460 1470 singillatim
1525 1388 1591 1451 in
1643 1387 1996 1454 ‘simulacra
2051 1387 2261 1453 omnia

150 1511 331 1574 quae
364 1488 665 1571 Lajardus
710 1510 766 1558 V.
802 1489 858 1555 d.
910 1491 1235 1574 expressit,
1282 1492 1418 1557 tum
1450 1491 1522 1555 in
1566 1510 1849 1573 ea,›quae
1881 1491 1989 1559 1116
2024 1491 2256 1569 01111811,

148 1596 274 1659 aut
322 1612 481 1677 quae
525 1595 746 1686 postea
793 1597 937 1659 sunt
981 1595 1240 1659 inventa
1286 1594 1610 1677 inquirens
1658 1595 1930 1678 exposui.

329 1888 462 1957 De
518 1888 1061 1971 imaginibus
1114 1890 1471 1969 Lajardi
1527 1864 2090 1972 libri'agitur.

326 2029 604 2093 ‘Initium
638 2029 833 2110 igitur
864 2028 1183 2106 faciamus,
1233 2048 1374 2092 cum
1412 2048 1569 2111 quae
1601 2030 1985 2111 praecedunt
2013 2023 2257 2092 Persici

144 2133 415 2196 tantum
448 2132 652 2197 cultus
685 2131 853 2195 illius
897 2132 1238 2197 simulacra
1267 2132 1630 2214 praebeant,
1665 2154 1701 2197 a
1731 2134 1966 2216 pagina
1998 2136 2255 2216 septua-

156 2235 415 2317 gesima
447 2235 699 2314 Lajardi
750 2256 804 2300 v.
856 2236 913 2301 d.
963 2235 1190 2316 operis,
1267 2236 1549 2300 Primam
1598 2238 1764 2301 enim
1811 2237 2005 2302 habes
2038 2257 2251 2302 earum

152 2340 539 2424 imaginum,
589 2359 743 2424 quae
787 2339 971 2405 simul
1019 2341 1082 2405 et
1111 2340 1433 2405 Persicam
1466 2340 1779 2423 originem
1812 2341 1876 2405 et
1904 2342 2250 2406 Romanam

155 2445 595 2510 venerationis
652 2445 962 2510 rationem
1015 2446 1083 2510 te
1149 2446 1391 2511 docent.
1485 2445 1671 2509 Vides
1718 2445 1929 2509 autem
1976 2447 2251 2510 statuam

152 2547 482 2612 humanae
513 2549 750 2631 figurae
799 2551 863 2614 et
901 2551 1139 2614 leonini
1183 2550 1397 2615 vultus
1429 2551 1546 2614 alis
1579 2550 1954 2632 praeditam,
1989 2568 2251 2633 quarum

156 2654 375 2736 prima
404 2654 498 2717 nil
530 2654 653 2718 nisi
683 2673 935 2735 pennas,
983 2655 1251 2719 secunda
1281 2674 1447 2727 aves,
1493 2656 1686 2720 tertia
1715 2655 1956 2718 frondis
1994 2656 2249 2733 formas,

159 2759 392 2840 quarta
428 2758 744 2839 ,arborum
808 2760 872 2823 et
929 2758 1168 2832 fructus
1215 2759 1527 2841 imagines
1575 2758 1871 2824 ostendit.
1939 2759 2071 2825 ‚Vir
2115 2759 2250 2840 ipse

157 2863 390 2927 dextra
420 2863 660 2927 clavem
701 2862 957 2927 sinistra
1002 2864 1066 2926 et
1107 2862 1311 2927 lucem
1357 2864 1818 2929 inflammatam
1864 2865 1928 2928 et
1958 2864 2249 2928 baculum

156 2967 426 3047 longum
472 2966 669 3031 tenet.
758 2967 925 3032 Ante
973 2968 1191 3048 pectus
1237 2968 1448 3031 autem
1494 2967 1742 3050 fulgura
1785 2968 1934 3032 ficta
1979 2967 2248 3032 exstant.

159 3068 336 3149 Quid
379 3070 501 3134 sibi
547 3070 705 3135 velit
743 3071 958 3148 clavis„
1005 3090 1119 3152 pro
1166 3073 1337 3137 certo
1384 3091 1510 3137 non
1551 3072 1773 3138 habeo,
1866 3074 2051 3150 Luce,
2099 3071 2250 3154 quin

158 3175 321 3240 solis
353 3176 579 3240 natura
626 3177 690 3241 et
720 3177 944 3240 baculo
978 3196 1192 3241 cursus
1226 3176 1356 3257 ejus
1387 3175 1745 3252 hodiernus,
1791 3195 1975 3259 quem
2006 3178 2250 3241 veteres

156 3279 570 3344 statuendum
619 3299 753 3344 esse
787 3282 1143 3358 censebant,
1191 3280 1642 3362 significentur,
1687 3281 1944 3345 dubium
1977 3298 2100 3344 11011
2132 3282 2246 3345 681.

158 3382 289 3445 1)61
320 3383 866 3449 immortalitatem
901 3384 1165 3468 denique
1201 3384 1520 3468 significat
1550 3402 1825 3465 serpena,
1859 3385 2029 3449 cuius
2062 3386 2251 3465 caput

159 3486 362 3566 capiti
396 3486 515 3550 viri
538 3488 906 3569 impositum
942 3490 1056 3566 est,
1080 3473 1287 3553 totum
1322 3508 1548 3569 corpus
1574 3489 1988 3554 circumdans.
2036 3488 2246 3553 Simili

157 3590 408 3653 ratione
433 3591 837 3658 iudicandum
877 3594 976 3657 est
1008 3593 1084 3657 de
1117 3594 1242 3658 alio
1266 3592 1513 3672 bacu10,
1557 3612 1740 3676 quem
1773 3592 1891 3658 duo
1925 3594 2248 3675 serpentes

158 3694 573 3763 circumdant.
645 3697 917 3761 Restant
944 3696 1180 3779 figurae
1212 3698 1545 3780 quaedam,
1596 3697 1671 3761 de
1720 3716 1979 3779 quarum
2025 3697 2249 3760 natura

160 3798 256 3886 nil
288 3799 519 3864 certius
550 3801 834 3882 expedio,
868 3800 1130 3866 malleus
1155 3803 1220 3867 et
1252 3802 1498 3884 forceps
1526 3802 1750 3882 dubiae
1783 3800 2246 3888 explicationis,

160 3901 370 3986 gallus
418 3903 654 3968 animal
700 3904 851 3970 solis
884 3895 1354 3973 amicissimum.
1436 3906 1707 3970 Accedit
1736 3906 1817 3970 ad
1848 3905 2244 3970 simulacrum

160 4007 494 4090 inscriptio
543 4009 872 4090 quaedam,
932 4028 1045 4073 nos
1104 4010 1180 4074 de
1226 4012 1514 4092 tempore
1558 4008 1745 4072 huius
1794 4009 2046 4073 artificii
2092 4009 2246 4075 facti

161 4110 465 4175 certiores
551 4111 810 4178 facienS.
940 4111 1093 4177 Cum
1196 4112 1362 4176 enim
1446 4111 1796 4194 imperator
1876 4111 2247 4176 Commodus

159 4214 559 4293 nominetur,
590 4215 845 4279 dubium
877 4235 1003 4280 non
1050 4217 1165 4294 est,
1215 4216 1366 4299 quin
1398 4218 1665 4301 exeunte
1697 4217 1946 4284 saeculo
1977 4217 2244 4281 secundo

2385 2026 2436 2080 L.
2469 2044 2522 2095 p.
2557 2026 2682 2080 Lxx.
