2925 4802
1005 918 1401 1006 Praefatio.
1457 939 1465 945 ·

57 1243 66 1252 ..
230 1186 498 1267 Semper
554 1185 619 1248 id
670 1202 866 1248 unum
920 1183 1230 1266 spectavi,
1289 1201 1429 1247 cum
1482 1181 1787 1249 historiae
1845 1185 2126 1249 veterum
2179 1186 2346 1249 tem-

67 1303 272 1355 ’.τωῐι
318 1311 419 1355 me
471 1288 875 1367 dedidissem,
934 1289 1004 1352 ut
1061 1306 1250 1371 quam
1304 1306 1555 1371 possem
1603 1288 2077 1371 intellegerem,
2139 1289 2341 1371 qualis

67 1398 416 1480 iantaque
463 1394 655 1459 fuerit
698 1395 792 1459 vis
836 1392 1216 1458 christianae
1263 1391 1591 1475 religionis
1647 1395 1717 1458 ut
1760 1394 1839 1457 ad
1897 1393 2342 1457 destruendam

63 1498 386 1579 »utilium
409 1499 942 1581 superstitionem,
968 1497 1060 1563 ita
1074 1499 1154 1562 ad
1171 1498 1544 1563 exstruenda
1560 1516 1754 1580 regna
1773 1496 2135 1562 christiana.
2155 1498 2339 1562 Brevi

120 1604 283 1682 tem,
329 1623 431 1668 me
465 1603 645 1685 plura
669 1622 855 1686 quam
889 1622 997 1684 pro
1031 1601 1324 1666 humanis
1356 1600 1591 1666 viribus
1617 1602 1902 1680 voluisse,
1937 1620 2078 1665 cum
2110 1620 2343 1684 cogno-

67 1688 301 1785 -sssem,
349 1707 541 1772 statui
574 1706 847 1789 primum
880 1724 1068 1769 unam
1113 1725 1267 1782 rem,
1312 1724 1470 1789 quae
1502 1704 1680 1769 illam
1722 1706 1934 1788 posset
1965 1724 2338 1789 praeparare

73 1812 497 1894 gnitionem,
538 1811 990 1895 pervestigare.
1082 1810 1216 1890 Quo
1250 1811 1418 1876 facto
1450 1809 1809 1889 Mithriaca,
1840 1811 1904 1879 id
1939 1813 2036 1876 est
2065 1810 2335 1876 Mithrae

55 1917 167 2002 sei
220 1916 391 1982 Solis
437 1914 666 1980 Invicti
714 1914 940 1993 cultuS,
992 1914 1221 1979 idonea
1265 1913 1423 1977 mihi
1471 1913 1860 1992 videbantur,
1909 1933 2087 1997 quae,
2138 1905 2338 1996 qualis

73 2021 240 2086 erit
286 2019 607 2084 veneratio
656 2018 917 2083 deorum
964 2017 1213 2100 imperii
1241 2018 1515 2100 Romani
1547 2019 1694 2101 post
1727 2016 2047 2083 Christum
2096 2020 2332 2097 natum,

71 2124 288 2198 ,otime
334 2142 435 2187 me
486 2123 805 2187 docerent,
1798 2202 1805 2209 ,
1943 2196 1951 2204 ,

213 2229 506 2293 Primum
583 2228 750 2293 enim
832 2228 1034 2292 cultus
1115 2226 1224 2291 ille
1292 2225 1413 2290 Dei
1483 2225 1671 2306 Solis,
1742 2226 1860 2290 etsi
1930 2246 1966 2291 a
2033 2225 2334 2290 Romanis

73 2333 355 2416 ceptus,
402 2350 520 2396 nec
550 2333 871 2396 Romanae
903 2350 1017 2396 nec
1049 2329 1428 2396 christianae
1475 2331 1734 2415 originis
1784 2333 1895 2411 est,
1944 2330 2169 2396 deinde
2215 2347 2337 2393 una

91 2456 181 2501 m
228 2436 536 2520 religione
584 2436 817 2501 Christi
863 2437 1029 2519 apud
1075 2437 1392 2501 Romanos
1437 2436 1823 2520 propagatus
1880 2436 2141 2514 exstitit,
2200 2437 2335 2500 tum

75 2560 163 2604 in
211 2540 392 2606 valde
439 2540 767 2606 abhorruit
812 2562 848 2606 a
894 2540 1111 2606 multis
1144 2540 1630 2606 christianorum
1663 2542 2013 2620 sententiiS,
2063 2541 2334 2624 denique

71 2654 104 2713 ἒ·
148 2644 643 2728 imperatoribus
673 2665 876 2728 neque
908 2666 946 2709 a
977 2646 1169 2711 servis
1202 2663 1326 2710 non
1358 2647 1452 2710 est
1484 2646 1896 2729 perpetratus.
1987 2644 2156 2724 Quae
2190 2663 2330 2710 cum

73 2746 133 2817 sa
190 2750 347 2828 sint,
415 2750 553 2833 quis
616 2751 712 2816 est
768 2751 871 2833 qui
938 2751 1129 2833 neget
1189 2768 1289 2813 me
1333 2749 1671 2814 Mithriaca
1714 2750 2000 2814 Romana
2045 2751 2330 2814 accurate

73 2854 535 2937 vestigantem
582 2854 899 2936 primitias
946 2855 1253 2938 quasdam
1301 2855 1688 2920 desideratas
1734 2855 1906 2920 illius
1939 2854 2325 2937 cognitionis

73 2958 454 3022 avissimae
502 2960 567 3024 et
613 2957 1119 3040 exoptatissimae
1168 2978 1300 3023 esse
1348 2960 1845 3026 consecuturum.

217 3060 375 3125 Cum
443 3062 511 3126 id
575 3061 773 3145 igitur
839 3060 997 3125 mihi
1062 3062 1551 3144 proposuissem,
1613 3064 1682 3127 ut
1749 3061 1983 3140 omnia,
2033 3080 2189 3144 quae
2252 3063 2327 3127 de

73 3164 309 3232 'thrae
381 3166 502 3230 Dei
573 3165 739 3231 Solis
809 3166 1037 3231 Invicti
1117 3168 1281 3249 apud
1347 3175 1663 3233 Romanos
1739 3167 1909 3232 cultu
1977 3169 2327 3250 propagato

103 3270 393 3348 aduntur,
425 3287 672 3335 summo
699 3291 838 3336 cum
864 3271 1078 3337 studio
1107 3289 1573 3356 cognoscerem,
1606 3273 2068 3356 inscriptiones,
2103 3272 2328 3355 quibus

73 3366 114 3445 ’,ι
167 3392 240 3439 ea
270 3393 335 3438 re
374 3374 602 3457 agitur,
636 3373 886 3460 collegi,
933 3374 1266 3466 simulacra
1297 3376 1417 3441 Dei
1450 3377 1696 3441 servata
1733 3376 1999 3459 inspexi,
2046 3378 2326 3441 veterum

109 3476 418 3559 riptorum
447 3478 820 3544 testimonia
861 3479 1205 3563 composui,
1253 3500 1345 3560 ea,
1380 3501 1535 3564 quae
1566 3500 1760 3564 usque
1809 3480 1887 3544 ad
1929 3481 2046 3545 hoc
2075 3481 2326 3562 tempus

140 3581 156 3595 “
205 3582 375 3647 docti
421 3583 498 3648 de
546 3583 785 3648 Mithra
827 3584 1199 3664 disseruere,
1246 3585 1394 3669 legi.

215 3684 349 3765 Qua
394 3687 459 3750 in
506 3706 572 3752 re
619 3688 895 3770 optimos
940 3707 1155 3753 omnes
1204 3688 1688 3772 inscriptionum
1748 3688 1944 3754 libros
2005 3687 2323 3755 excutiens

135 3790 532 3874 dringentos
577 3792 1038 3876 quinquaginta
1080 3794 1208 3858 tres
1238 3794 1457 3859 titulos
1504 3813 1617 3858 nec
1662 3813 1787 3858 non
1832 3794 2322 3859 innumerabiles

116 3895 519 3959 uulaororum
567 3895 878 3979 imagines
930 3896 1142 3960 inveni
1221 3898 1407 3979 atque
1473 3897 1886 3981 quadraginta
1941 3898 2071 3962 tres
2126 3897 2323 3980 scrip-

93 3995 229 4078 ·res,
260 4016 525 4081 quorum
565 3999 933 4064 testimonia
962 3999 1487 4083 interpretatione
1522 4001 1714 4085 digna
1741 4001 2055 4079 videntur,
2089 4002 2163 4067 de
2209 4002 2322 4067 illa

94 4126 106 4155 ·-
138 4101 438 4166 nonnulla
468 4120 747 4167 narrasse
779 4104 1064 4187 cognovi.
1133 4105 1391 4184 Tamen,
1440 4125 1814 4190 quamquam
1845 4107 2160 4190 permulta
2190 4110 2320 4173 tra-

77 4203 180 4283 „fta
198 4207 344 4271 sunt
375 4206 438 4271 et
468 4207 770 4289 permulti
793 4207 860 4272 in
886 4208 1125 4274 cultum
1158 4209 1336 4274 illum
1359 4210 1863 4296 intellegendum
1886 4212 2316 4294 incubuerunt,
