2925 4802
1580 230 1702 303 108

606 461 684 526 ab
730 461 848 526 1166
893 458 1010 525 (166
1055 461 1142 525 611
1185 458 1651 535 vestimentum,
1710 459 1885 524 illius
1933 464 2149 527 autem
2213 462 2366 527 deae
2415 462 2706 527 minime

606 567 671 631 in
755 565 957 630 altera
1049 563 1284 629 habeas
1375 564 1551 627 certa
1634 564 2040 643 documenta,
2135 566 2268 629 eas'
2333 565 2399 628 in
2495 554 2706 631 dubio

605 670 914 753 relinquo.
992 669 1275 735 Tertiam
1308 662 1577 753 denique
1617 668 1883 752 figuram
1926 669 2156 733 nudam
2205 669 2486 757 optimae
2530 670 2710 734 artis

602 774 913 840 Venerem
982 791 1116 839 esse
1196 772 1331 856 quis
1401 775 1498 836 est
1557 771 1663 854 qui
1724 774 1936 854 neget.
2043 774 2314 838 Restant
2374 792 2704 855 personae

607 879 899 962 quinque,
948 897 1105 961 quae
1151 877 1472 943 recedunt.
1564 875 1703 940 Etsi
1752 876 1829 941 de
1878 876 2104 954 Diana,
2154 877 2232 941 116
2257 877 2557 954 Volcano,
2614 879 2708 942 de

606 983 899 1062 Saturno,
949 983 1025 1047 de
1070 983 1395 1063 Neptuno,
1456 981 1534 1046 (16
1580 979 1870 1059 Ρ11110116,
1934 981 2013 1046 (16
2058 982 2435 1063 Proserpina
2478 983 2706 1048 multa

606 1087 794 1151 verba
828 1089 975 1150 sunt
1020 1085 1206 1164 facta,
1251 1088 1592 1151 tamenne
1638 1084 1705 1148 id
1747 1082 2003 1166 quidem
2052 1103 2164 1166 pro
2212 1087 2386 1150 certo
2439 1085 2706 1151 affirmo

604 1190 952 1256 Victoriam
978 1190 1272 1273 cognosci
1295 1209 1478 1273 posse
1502 1190 1721 1256 dextra
1746 1189 1880 1253 Iovi
1907 1208 2202 1254 6010116111
2223 1189 2701 1273 imponentem,

605 1294 865 1359 sinistra
923 1296 1205 1378 palmam
1261 1296 1607 1362 tenentem.
1701 1293 1872 1373 Quae
1931 1294 2231 1376 pauciora
2293 1296 2359 1358 et
2417 1295 2708 1385 certiora

604 1399 855 1463 1611111111
922 1416 1236 1480 exponens
1303 1401 1473 1465 recte
1545 1417 1645 1463 me
1716 1398 1921 1480 egisse
1985 1399 2159 1480 puto,
2231 1416 2375 1462 cum
2421 1398 2704 1462 minime

605 1504 794 1582 DeoS,
829 1523 979 1585 quos
1009 1503 1189 1568 fictos
1221 1502 1631 1584 intellexeris,
1680 1503 1760 1567 ad
1804 1501 2043 1566 cultum
2079 1501 2493 1567 Mithriacum
2542 1522 2704 1584 per-

604 1608 808 1697 tinere
865 1607 947 1671 sit
1002 1607 1424 1675 statuendum.
1493 1606 1742 1672 Artifex
1792 1605 1960 1670 enim
2006 1604 2073 1670 id
2115 1623 2310 1669 unum
2339 1606 2568 1698 voluit,
2616 1608 2701 1671 111

608 1712 868 1777 1160111111
898 1713 1273 1776 conventum
1323 1712 1500 1795 quasi
1548 1712 1755 1794 operis
1780 1727 2078 1776 coronam
2110 1709 2395 1793 fingeret.
2445 1708 2702 1788 Quibus

606 1815 880 1896 cognitis
925 1815 1051 1878 iam
1114 1815 1193 1879 ad
1238 1815 1572 1880 simulacra
1614 1815 1918 1880 lateribus
1965 1814 2204 1879 inserta
2248 1814 2700 1895 procedamus.

604 1918 822 1981 Prima
894 1938 1010 1982 nec
1084 1938 1206 1983 non
1275 1921 1547 1984 maxime
1617 1919 1806 1985 dubia
1875 1919 2089 2002 imago
2160 1917 2426 1999 praebet
2493 1924 2701 1999 caput

606 2022 881 2088 hominis
925 2022 1152 2088 florum
1200 2022 1370 2088 foliis
1405 2013 1943 2089 circumcinctum.
2014 2020 2436 2103 cogitandum
2471 2024 2703 2086 autern

608 2128 706 2190 est
752 2127 829 2191 (16
863 2124 1217 2192 fertilitatis
1248 2127 1532 2211 symbolo
1566 2129 1857 2211 quodam,
1905 2127 2030 2193 nisi
2060 2128 2263 2192 Deum
2294 2125 2525 2208 ipsum,
2580 2126 2701 2208 qui

522 2296 525 2299 .
606 2228 1070 2295 fecundidatem
1118 2230 1294 2313 quasi
1335 2230 1623 2310 effundit,
1672 2231 1887 2296 fictum
1934 2250 2068 2296 esse
2116 2230 2352 2294 credas.
2405 2228 2703 2293 Accura-

611 2335 769 2399 tiore
816 2336 1005 2401 modo
1067 2336 1143 2400 de
1204 2335 1422 2418 figuris
1486 2354 1641 2420 quae
1688 2337 2028 2421 sequuntur
2073 2336 2168 2400 est
2214 2332 2699 2416 disputandum.

612 2440 768 2506 Cum
818 2440 985 2504 enim
1024 2440 1262 2505 femina
1304 2439 1483 2504 humi
1529 2440 1730 2506 iaceat
1757 2440 2059 2524 postrata,
2105 2438 2403 2504 inferiore
2432 2439 2699 2502 1611111111

613 2543 894 2627 eorporis
952 2543 1132 2627 parte
1178 2542 1425 2623 vestita,
1470 2547 1534 2610 et
1594 2545 1690 2609 vir
1733 2546 1996 2628 globum
2044 2543 2268 2609 aflerat
2314 2562 2532 2608 saxum
2581 2560 2695 2606 as-

613 2651 882 2715 cendens
936 2647 1128 2714 facile
1193 2648 1534 2732 intellegas
1582 2648 1900 2736 Tellurem
1970 2651 2035 2714 et
2102 2648 2434 2713 Atlantem
2504 2646 2696 2730 fingi.

611 2753 775 2833 Quos
829 2753 984 2818 deos
1045 2753 1124 2817 ad
1171 2752 1288 2818 Dei
1338 2753 1504 2818 Solis
1552 2751 1788 2817 cultum
1845 2752 2162 2835 pertinere
2224 2751 2361 2835 quis
2417 2752 2517 2815 est
2574 2753 2700 2834 qui

612 2859 819 2939 neget.
913 2856 1188 2922 Jamiam
1252 2856 1584 2921 dicendum
1650 2858 1746 2922 est
1805 2858 1881 2922 de
1943 2856 2198 2920 feminis
2260 2855 2482 2921 tribus.
2583 2856 2696 2936 Ei,

613 2961 719 3045 qui
778 2961 1006 3024 Parcas
1053 2978 1158 3024 eas
1207 2976 1340 3024 esse
1388 2962 1771 3037 censuerunt,
1832 2980 1972 3025 611111
2017 2980 2143 3024 11116
2207 2977 2283 3024 ex
2327 2961 2407 3024 iis
2450 2959 2695 3026 libram

609 3065 843 3143 teneat,
892 3063 1194 3148 quamvis,
1243 3083 1364 3146 qua
1394 3062 1636 3128 ratione
1671 3065 1789 3129 hae
1823 3062 1976 3128 deae
2023 3065 2103 3129 ad
2135 3062 2410 3128 Mithrae
2442 3065 2692 3130 cultum

608 3168 971 3251 respiciant,
1035 3186 1134 3232 me
1192 3167 1405 3243 lateat,
1473 3169 1641 3232 recte
1701 3168 2003 3232 iudicare.
2109 3166 2219 3232 Nil
2281 3169 2491 3232 autem
2551 3169 2697 3235 fere

612 3273 844 3338 certius
913 3271 1040 3336 (1161
1106 3272 1319 3354 potest
1390 3272 1465 3336 de
1533 3270 1812 3353 imagine
1882 3290 2039 3355 quae
2108 3261 2404 3353 sequitur.
2494 3271 2699 3338 Vides

612 3378 781 3442 enim
829 3377 980 3441 duas
1024 3392 1324 3458 personas
1368 3376 1532 3439 male
1579 3377 1989 3440 conservatas.
2068 3376 2194 3441 Sed
2242 3374 2391 3457 quid
2437 3376 2701 3457 egerint

613 3481 869 3547 dubium
932 3481 1046 3557 est,
1105 3479 1224 3544 nisi
1286 3479 1350 3543 in
1414 3478 1782 3544 memoriam
1843 3479 1963 3544 tibi
2026 3479 2316 3543 venerint
2377 3496 2698 3561 personae

610 3585 756 3649 illae
814 3583 1081 3648 aliorum
1137 3582 1575 3658 artificiorum,
1635 3601 1785 3663 quas
1848 3582 2014 3646 inter
2069 3601 2135 3647 se
2199 3584 2406 3647 valere
2467 3584 2699 3650 iubere

610 3689 736 3755 alio
781 3689 922 3753 1060
969 3686 1320 3751 statuimus.
1406 3687 1735 3769 Progressi
1782 3686 2030 3751 obviam
2075 3687 2358 3752 venimus
2404 3685 2498 3750 illi
2544 3705 2700 3751 sae-

598 3794 750 3876 pius
797 3792 1129 3873 explanato
1178 3790 1531 3867 simulacro,
1595 3808 1714 3872 quo
1778 3791 1971 3855 homo
2031 3810 2096 3855 se
2143 3790 2407 3855 alterum
2457 3810 2693 3858 necare

610 3896 769 3962 velle
787 3894 1081 3974 minatur,
1108 3893 1292 3959 huius
1313 3894 1509 3958 animi
1536 3894 1931 3959 constantiae
1948 3893 2448 3959 corroborandae
2475 3913 2691 3964 causa.

611 4000 875 4066 Minime
908 4000 1072 4064 enim
1096 4002 1265 4063 16616
1299 3998 1551 4077 iudicat,
1582 3999 1687 4080 qui
1712 4002 2027 4063 certamen
2052 4000 2095 4065 J
2098 3998 2229 4063 ovis
2257 4017 2394 4062 cum
2419 3997 2696 4082 gigante

612 4104 880 4188 quodam
914 4104 1262 4186 repperisse
1295 4104 1492 4185 putet.
1539 4104 1901 4185 Eademque
1928 4104 2166 4169 ratione
2201 4101 2694 4184 vituperandum

613 4211 710 4274 est
755 4225 971 4273 eorum
1016 4206 1339 4285 iudicium,
1411 4208 1519 4290 qui
1579 4208 2049 4272 affirmaverunt
2116 4223 2465 4288 personam,
2526 4224 2695 4288 quae
