2925 4802
1160 257 1407 362 „135

177 476 391 554 exeris,
450 474 632 540 facile
696 489 1039 557 cognoscas
1086 493 1281 555 pauca
1344 474 1532 538 modo
1609 474 1687 537 de
1757 473 2235 538 initiationibus
2297 473 2456 559 ipsis

183 600 251 644 ex
312 578 698 664 imaginibus
759 586 1058 644 constare.
1167 577 1550 659 Saepissime
1620 578 1785 643 enim
1848 578 2068 642 eadem
2128 598 2283 659 quae
2333 576 2459 641 alio

173 685 306 749 loco
354 682 546 747 habes
581 679 840 764 reperis
922 680 1153 752 Omnia
1183 683 1392 745 autem
1438 682 1516 746 de
1551 680 1866 746 cultorum
1898 682 2141 746 arcanis
2188 680 2458 745 actioni-

172 789 283 853 bus
327 787 588 851 minime
636 786 817 851 nobis
877 787 1094 867 patere
1143 785 1482 851 simulacra
1534 787 1887 853 statuimus,
1986 785 2154 855 Jamr
2192 785 2267 849 de
2313 784 2456 848 aliis

80 884 81 893 ’
175 891 353 970 Deis,
411 890 633 972 quibus
691 890 759 953 in
822 889 1177 956 Mithriacis
1240 891 1619 955 occurrimus
1682 908 1880 970 pauca
1925 887 2116 953 liceat
2175 888 2453 952 edocere.

176 996 331 1059 Sunt
375 994 478 1077 qui
525 993 888 1075 putaverint
919 995 1169 1076 saepius
1215 995 1483 1078 aliorum
1515 996 1793 1060 Deorum
1837 992 2145 1076 imagines
2191 992 2258 1055 in
2302 992 2457 1056 arti-

175 1099 331 1164 ficiis
379 1098 678 1181 expositis
727 1101 1007 1180 repertas
1056 1117 1211 1177 esse,
1261 1098 1418 1162 mihi
1458 1101 1672 1163 autem
1720 1115 2083 1180 persuasum
2130 1097 2283 1175 esto,
2331 1116 2453 1160 uno

171 1203 288 1268 illo
364 1203 871 1285 praeclarissimo
942 1206 1225 1284 except0,
1294 1202 1360 1266 in
1405 1223 1546 1287 quo,
1619 1203 1767 1285 quin
1825 1202 2454 1267 omniumrDeorum

172 1308 507 1371 conventus
554 1307 777 1385 exstet,
828 1307 1087 1373 dubium
1132 1328 1256 1372 non
1318 1310 1432 1386 est,
1498 1308 1621 1372 alia
1666 1306 1929 1370 numina
1974 1307 2155 1384 nobis
2202 1306 2452 1370 obviam

172 1413 423 1477 omnino
473 1430 597 1476 non
647 1431 798 1478 esse.
890 1413 1058 1477 Nam
1103 1411 1236 1477 sine
1295 1411 1423 1477 ullo
1474 1412 1661 1477 dubio
1710 1410 1877 1476 Solis
1934 1412 1999 1475 et
2046 1411 2255 1474 Lunae
2302 1429 2455 1491 quo-

172 1534 287 1598 que
332 1516 566 1600 figurae
614 1516 810 1579 talem
857 1515 1147 1580 obtinent
1192 1517 1420 1594 locum,
1470 1515 1593 1580 nisi
1641 1515 1967 1580 arbitreris
2011 1516 2154 1579 illas
2200 1515 2327 1578 alia
2375 1513 2450 1578 de

171 1639 351 1685 causa
394 1622 574 1684 fictas
623 1637 777 1699 esse,
825 1618 946 1683 nisi
993 1619 1071 1683 ad
1103 1619 1386 1702 symbola
1417 1619 1724 1702 quaedam
1753 1621 2029 1684 Mithrae
2063 1620 2448 1701 exponenda.

167 1724 489 1788 Animalia
536 1723 746 1788 omnia
792 1725 1056 1806 denique
1104 1724 1250 1788 ficta
1295 1727 1467 1789 recte
1507 1724 1748 1789 indices
1781 1726 1918 1789 Deo
1966 1744 2142 1789 sacra
2188 1724 2448 1788 minime

171 1820 377 1892 autem
435 1826 723 1891 adhibita
783 1827 973 1891 fuisse
1043 1826 1117 1891 ad
1187 1829 1429 1892 cultum
1491 1827 1713 1911 ipsum.
1827 1830 2094 1893 Restant
2157 1829 2231 1894 de
2294 1828 2479 1893 locis>

171 1951 324 2012 quae
386 1932 740 1996 invenimus
804 1933 1010 1998 verba.
1119 1931 1272 1996 Cum
1345 1930 1533 2008 enim,
1605 1933 1757 2014 quin
1804 1933 2010 1997 cultus
2051 1925 2318 2013 'semper
2384 1933 2469 1994 in'

167 2035 360 2099 antris
437 2036 519 2100 sit
590 2036 877 2116 peractus
948 2035 1222 2100 dubitari
1278 2038 1585 2118 nequeat,
1659 2056 1783 2101 non
1846 2037 2095 2101 mireris
2162 2037 2449 2102 omnibus

167 2139 293 2202 fere
340 2139 948 2229 simulacrislocum
1007 2158 1297 2204 saxorum
1369 2158 1501 2203 esse
1562 2141 1798 2204 fictum.
1894 2139 2167 2206 Arbores
2236 2142 2449 2206 antem

168 2242 391 2308 silvam
439 2244 799 2326 significare
842 2262 1184 2324 numquam
1243 2242 1361 2308 tibi
1409 2243 1473 2307 in
1525 2245 1803 2310 mentem
1849 2245 2078 2323 veniet,
2129 2244 2234 2327 qui
2282 2244 2445 2309 scias

170 2368 270 2414 eas
325 2348 494 2413 haud
549 2348 676 2412 alia
730 2348 971 2413 ratione
1035 2349 1275 2412 exstare
1320 2348 1639 2432 figuratae,
1688 2367 1872 2431 quam
1920 2349 2001 2414 ad
2048 2348 2479 2414 fertilitatem³

168 2454 659 2536 exprimendam.
710 2489 793 2499 -
840 2453 1009 2532 Quae
1055 2455 1267 2518 antem
1314 2454 1441 2517 alia
1497 2453 1619 2518 tibi
1668 2454 2013 2531 occurrant,
2070 2453 2296 2518 dubiae
2345 2472 2476 2516 ex-·

169 2557 556 2640 plicationis,
605 2558 681 2622 de
731 2557 820 2622 eis
865 2558 994 2621 iam
1041 2576 1229 2639 supra
1275 2556 1455 2638 plura
1500 2559 1644 2622 sunt
1692 2556 1880 2621 dicta.
2468 2552 2472 2556 ’

341 2661 540 2741 Quam
561 2663 638 2727 ob
672 2681 804 2726 rem
827 2662 1135 2726 memoria
1148 2663 1529 2743 repetentes,
1559 2680 1714 2743 quae
1740 2660 2054 2742 imagines
2075 2659 2447 2725 Mithriacae
2467 2685 2472 2692 *¹

168 2786 281 2831 nos
349 2766 693 2844 docuerint,
759 2786 881 2831 non
948 2767 1148 2832 multa
1206 2767 1316 2831 sed
1385 2767 1652 2831 multum
1722 2784 1856 2830 esse
1925 2765 2143 2849 negari
2209 2765 2446 2847 nequit.

170 2872 405 2935 Tamen
464 2870 662 2934 cultui
726 2871 912 2951 plane
961 2873 1395 2953 cognoscendo
1460 2890 1572 2937 nos
1638 2890 1761 2936 non
1813 2871 2091 2953 pessime
2135 2869 2447 2936 studuisse

166 2977 477 3056 putamuS,
525 2993 667 3037 cum
715 2994 789 3039 ea
834 2976 1079 3039 tantum
1126 2977 1611 3055 exhibuerimUS,
1650 2995 1805 3057 quae
1853 2975 1986 3040 sine
2035 2974 2223 3040 dubio
2272 2977 2335 3040 et
2380 2995 2447 3040 re

165 3079 302 3161 ipsa
347 3077 542 3141 nullis
590 3076 726 3141 aliis
775 3079 1160 3143 testimoniis
1207 3079 1511 3145 adhibitis
1556 3079 1845 3163 intellegi
1922 3081 2199 3161 possunt.
2247 3079 2474 3148 Multa·

168 3182 436 3263 denique
484 3200 645 3246 nova
687 3203 786 3246 me
836 3183 1142 3262 attulisse,
1177 3183 1282 3266 qui
1323 3182 1590 3247 aliorum
1636 3183 1830 3249 libros
1878 3182 2166 3266 cognitos
2210 3179 2450 3248 habent

164 3285 346 3351 facile
392 3289 784 3368 cognoscent.
