2925 4802
146 443 341 506 κοντα
386 432 543 506 εἶναι
590 434 922 517 κολάσειςῑ·
955 436 1039 515 ἃς
1082 436 1247 504 κατά
1291 435 1557 521 βαθμὸν
1604 439 1705 504 δεῖ
1760 436 1873 503 τὸν
1928 438 2231 522 τελεσθη·

149 543 415 627 σόμενον
454 542 852 630 παρελθεῖν.
900 533 1035 607 οἷον
1064 548 1319 628 πρῶτον
1351 539 1789 625 διανήξασθαι
1836 540 1947 606 ἐπὶ
1987 539 2235 618 πολλοῖς

151 647 397 736 ἡμέρας
444 644 615 735 ὕδωρ
660 645 866 711 πολύ.
913 637 1055 711 εἶτα
1102 642 1198 723 εἷς
1226 653 1362 732 πῦρ
1392 640 1737 728 ἐμβάλλειν
1782 643 2048 710 ἑαυτὸν·
2095 637 2236 710 εἶτα

150 749 213 816 ἐν
277 749 495 839 ἐρήμῳ
585 752 1004 836 διαιτηθῆναι
1093 750 1200 815 καὶ
1266 745 1473 834 ασιτῆ
1474 773 1615 830 σαι,
1684 749 1793 814 καὶ
1859 749 2026 815 άλλα
2086 748 2234 815 τινὰ

151 856 343 940 άχρις
374 851 589 934 οὖ-ιὸς
634 853 1067 937 εἴπομεν-τας
1104 853 1497 940 ὀγδοήκοντα
1541 853 1841 931 κολάσεις
1873 853 2231 941 παρέλθοι.

153 959 260 1024 καὶ
302 954 448 1024 τότε
490 956 724 1024 λοιπὸν
752 957 1002 1041 ἐμύουν
1034 958 1236 1022 αὐτόν
1281 958 1363 1022 τά
1405 954 1787 1045 τελεώτερα,
1830 955 1941 1023 ἐάν
1987 955 2146 1043 ζήσῃ
2163 955 2234 1035 1).

155 1060 300 1124 Jam
349 1060 688 1143 intellegas
745 1060 853 1125 hic
900 1061 1123 1124 eadem
1169 1061 1301 1124 fere
1350 1078 1507 1142 quae
1553 1059 1688 1125 loco
1736 1060 1931 1125 citato
1978 1077 2015 1122 a
2044 1059 2236 1141 scrip-

156 1163 292 1228 tore
339 1165 631 1231 enarrari.
695 1162 901 1243 Quam
936 1163 1013 1227 ob
1043 1183 1179 1227 rem
1227 1164 1305 1227 de
1353 1162 1454 1227 his
1502 1161 1706 1228 verbis
1740 1163 1960 1228 eadem
1992 1163 2236 1227 ratione

160 1284 286 1331 6666
332 1267 735 1333 iudicandum
784 1268 923 1349 quis
971 1268 1067 1331 est
1134 1267 1240 1351 qui
1287 1268 1496 1349 neget.
1573 1268 1771 1332 Recte
1814 1287 1915 1332 me
1963 1267 2237 1331 disseru-

161 1370 298 1449 isse,
353 1372 720 1455 scriptorem
780 1372 1066 1435 nostrum
1130 1390 1252 1435 non
1315 1373 1604 1436 accurate
1662 1370 1898 1437 cultum
1957 1368 2234 1435 Mithrae

160 1475 445 1541 habuisse
490 1479 903 1560 compertum,
953 1478 1350 1559 cognoscitur
1408 1496 1655 1560 qnoque
1695 1478 1880 1542 verbo
1926 1478 2234 1565 λέγονται.

164 1577 356 1657 Quam
400 1582 477 1646 ob
522 1600 661 1645 rem
707 1581 1000 1664 equidem
1045 1582 1198 1662 puto
1247 1599 1284 1644 a
1328 1583 1558 1647 Nonno
1603 1581 1859 1646 traditis
1892 1579 2082 1645 fidem
2113 1580 2236 1643 mi-

164 1684 393 1748 nimam
424 1704 560 1752 esse
590 1685 967 1763 habendam,
1018 1685 1392 1768 praesertim
1435 1704 1575 1750 cum
1606 1684 2047 1767 paenitentiae,
2082 1701 2236 1768 quas

165 1791 482 1868 memorat,
531 1790 735 1872 magis
767 1788 1059 1855 monachi
1093 1788 1422 1854 christiani
1455 1807 1643 1873 quam
1676 1787 1951 1853 Mithrae
1978 1787 2235 1853 cultoris

166 1894 287 1958 sive
327 1893 569 1958 Persici
620 1894 747 1958 sive
794 1893 1063 1958 Romani
1111 1911 1246 1958 6666
1292 1893 1644 1959 videantur.

328 2085 589 2150 Restant
655 2084 783 2148 alia
849 2085 1065 2149 Nonni
1134 2085 1211 2149 de
1286 2082 1520 2148 Mithra
1592 2083 1802 2148 verba.
1915 2082 2235 2166 Leguntur

170 2187 330 2252 enim
372 2188 498 2253 alio
568 2188 709 2253 loco
758 2188 949 2253 verba
993 2187 1149 2251 haec
1202 2188 1354 2278 περὶ
1397 2197 1528 2254 τῶν
1570 2187 1896 2255 κολάσεων
1934 2196 2057 2252 τοῦ
2101 2186 2230 2253 ML

168 2299 352 2382 θρου.
447 2294 579 2359 Τὸν
621 2291 887 2380 Μίθραν
930 2287 1122 2359 ἄλλοι
1165 2291 1378 2370 ἄλλως
1424 2290 1761 2375 ἐνόμισαν.
1818 2292 1883 2358 οἱ
1936 2292 2056 2375 μὲν
2109 2292 2233 2381 γάρ

165 2393 270 2462 τὸν
310 2396 501 2485 ἥλιον,
550 2396 614 2464 οἱ
659 2395 729 2462 δὲ
758 2394 867 2462 τὸν
895 2392 1140 2487 ἔφορον
1184 2405 1307 2463 τοῦ
1350 2397 1591 2485 πυρὸς,
1640 2392 1824 2462 ἄλλοι
1874 2398 1945 2463 δὲ
1992 2391 2235 2482 εἰδικήν

167 2526 298 2569 τινα
340 2498 627 2585 δύναμιν.
722 2501 1014 2567 Γίνονται
1060 2502 1132 2567 δὲ
1186 2500 1398 2585 τούτῳ
1455 2509 1550 2587 τῷ
1617 2501 1857 2590 Μίθρῃ
1909 2525 2080 2579 τινες
2133 2526 2222 2566 τεν

167 2606 350 2683 λεταὶ,
394 2606 503 2672 καὶ
547 2606 730 2694 παρά
775 2611 903 2670 τῶν
946 2606 1299 2673 Χαλδαίων
1340 2605 1654 2689 μάλιστα,
1703 2605 1769 2671 οἱ
1815 2605 1886 2674 δὲ
1929 2602 2232 2689 τελούμε-

167 2734 257 2776 νοι
306 2719 395 2797 τῷ
452 2711 711 2798 Μίθρῃ,
765 2710 928 2776 κατά
980 2710 1245 2794 βαθμὸν
1294 2733 1435 2775 τινα
1489 2706 1821 2775 ἐτελοῦντο
1888 2707 2228 2777 κολάσεων·

170 2815 467 2905 πρότερον
535 2816 609 2882 δὲ
673 2816 797 2893 τάς
849 2811 1300 2904 ἕλαφροτάτας
1358 2814 1660 2892 κολάσεις
1717 2814 2231 2904 παρελάμβανον,

172 2920 267 2984 καὶ
306 2913 429 2986 εἶθ’
477 2919 688 2997 οὕτως
733 2919 854 2997 τοῖς
899 2919 1445 3008 δραστικωτέρας·
1513 2912 1666 2999 οἷον,
1721 2914 2042 3008 πρότερον
2079 2918 2232 2986 ελί-

171 3048 399 3105 μωιτον
441 3024 686 3101 αῠτοῠς
713 3023 871 3102 τούς
914 3023 1334 3106 τελουμένους
1381 3021 1491 3089 ἐπὶ
1539 3019 1930 3109 πεντήκοντα
1965 3023 2230 3112 ἡμέρας,

173 3123 452 3210 εἰτύχοι.
504 3120 644 3193 εἶτα
700 3125 761 3192 εἰ
793 3128 989 3213 ἤγαγε
1041 3131 1450 3215 καρτερικιῦς,
1498 3126 1766 3193 ἐποίουν
1803 3127 1999 3194 αὐτὸν
2027 3123 2231 3192 πάλιν

174 3232 462 3317 ξεσθῆναι
506 3229 621 3296 ἐπὶ
665 3226 786 3296 δύο
832 3227 1108 3318 ἡμέρας.
1155 3223 1297 3296 εἶτα
1342 3230 1546 3298 πάλιν
1590 3228 1687 3308 εἰς
1730 3227 1915 3313 χιόνα
1953 3235 2228 3314 ποιῆσαι

174 3335 390 3400 εἴκοσιν
444 3333 713 3423 ἡμέρας·
771 3335 879 3401 καὶ
945 3333 1157 3411 οὕτως
1207 3330 1433 3412 άπλιῦς
1477 3336 1596 3412 τάς
1643 3329 1940 3412 κολάσεις
1984 3331 2096 3399 ἐπὶ
2154 3335 2229 3400 τι)

174 3437 368 3521 μεῖζον
428 3439 592 3504 κατά
636 3438 868 3525 μικρὸν
934 3438 1272 3519 αὔξοντες·
1350 3435 1411 3503 εἰ
1451 3437 1836 3521 τελούμενος
1908 3446 2230 3526 καρτερῶν

175 3540 447 3630 ἐφαίνετο
491 3539 641 3608 τότε
683 3542 919 3608 λοιπόν
967 3538 1163 3608 αὐτὸν
1206 3539 1457 3608 ἐτέλουν
1485 3543 1567 3608 τά
1613 3538 2060 3618 τελεώταταὲ).
2132 3541 2228 3604 Ι)6

177 3660 264 3708 16·
292 3645 420 3727 ipsa
484 3643 660 3709 haec.
772 3645 1059 3709 Primum
1133 3643 1403 3726 scriptor
1467 3643 1741 3709 affirmat
1807 3643 2045 3709 cultum
2111 3644 2229 3709 Dei

176 3749 376 3813 Invicti
424 3749 589 3832 apud
635 3748 983 3814 Chaldaeos
1030 3748 1306 3813 maxime
1352 3749 1655 3816 floruisse.
1748 3747 1921 3827 Quae
1976 3751 2231 3814 senten-

179 3853 258 3917 tia
295 3852 617 3917 refutanda
671 3869 805 3917 esse
864 3854 1131 3931 videtur,
1194 3853 1315 3917 nisi
1376 3854 1562 3918 verbe
1649 3854 1965 3920 ναλδαίων
2019 3852 2229 3935 plures

179 3958 370 4040 gentes
416 3957 753 4023 orientales
799 3957 1141 4039 significari
1189 3958 1367 4022 creda
1506 3959 1661 4012 'rw-³
1722 3957 1791 4019 16
1823 3955 2061 4024 Mithra
2091 3958 2227 4040 ipso

335 4132 369 4197 ¹)
404 4131 442 4184 1.
478 4148 524 4184 c.
564 4132 923 4185 loos—1012.

333 4217 369 4286 ²)
403 4219 441 4271 1.
477 4235 520 4274 c.
561 4220 716 4273 1072.

2305 2092 2515 2148 XXXVIII
2531 2095 2578 2147 3.
2590 2094 2717 2149 Non-

2305 2179 2397 2217 nus
2433 2162 2476 2216 M
2540 2164 2716 2232 116316-

2444 2250 2474 2302 p
2513 2248 2587 2287 us.
