2925 4802
1188 321 1266 384 47

170 530 470 611 spelaeis
519 548 658 595 esse
701 531 1090 611 perpetrata.
1161 529 1323 592 Tum
1371 546 1733 609 cognoscas,
1779 548 1936 612 quae
1978 529 2277 595 Paulinus

174 633 484 698 Nolanus
551 631 631 696 de
676 633 845 697 cultu
876 632 1014 713 ipso
1060 632 1347 710 senserit,
1398 651 1471 696 ex
1517 633 1726 698 verbis
1773 652 1931 716 quae
1979 634 2124 697 sunt
2153 634 2286 696 nisi

171 760 406 801 ‘rerum
450 762 645 801 causa
689 738 1023 805 malarum.
1117 739 1377 803 Summo
1426 738 1594 800 enim
1641 756 1781 801 cum
1826 737 1961 803 iure
2008 736 2278 819 scriptor

176 843 661 908 ecclesiasticus
709 842 976 907 miratur
1007 842 1220 907 Solem
1253 842 1321 906 in
1350 841 1630 907 tenebris
1663 859 1795 906 esse
1830 842 2085 920 cultum,
2134 860 2277 905 cum

175 947 409 1013 autem
484 946 558 1011 de
642 947 827 1011 rebus
902 944 1086 1009 malis
1151 945 1425 1027 peractis
1497 944 1773 1028 loquitur
1843 945 2124 1011 ostendit
2213 965 2278 1009 66

173 1052 375 1116 valde
452 1069 489 1114 a
562 1049 921 1116 Mithriacis
997 1047 1412 1114 abhorruisse.
1517 1050 1738 1114 Restat
1821 1051 1894 1114 ut
1968 1049 2278 1114 affirmem

176 1155 463 1220 minime
528 1173 663 1222 esse
724 1154 1031 1220 credibile
1093 1154 1472 1236 scriptorem
1533 1153 1742 1218 verbis
1804 1152 2278 1218 dilucidissimis

180 1261 254 1324 et
302 1259 802 1324 accuratissimis
846 1278 1028 1322 usum
1076 1257 1236 1322 alios
1298 1258 1500 1321 testes
1547 1256 1669 1322 nisi
1716 1256 1990 1338 optimos
2050 1255 2170 1321 hac
2211 1257 2278 1321 in

177 1383 255 1427 re
306 1364 662 1428 enarranda
707 1381 846 1428 esse
891 1364 1194 1427 secutum.

367 1553 696 1636 Progressi
757 1553 1105 1635 reperimus
1169 1552 1415 1618 Claudii
1473 1553 1805 1618 Claudiani
1868 1553 1943 1617 de
2003 1552 2278 1618 Mithrae

183 1655 364 1721 cultu
419 1656 875 1722 testimonium.
969 1657 1318 1721 Stilichone
1381 1657 1460 1721 ad
1523 1656 1742 1722 foedus
1804 1655 2157 1722 feriendum
2210 1657 2277 1720 in

180 1760 615 1844 Babyloniam
661 1762 852 1825 misso
900 1762 1088 1825 verba
1133 1760 1427 1843 leguntur
1477 1761 1632 1825 haec

411 1864 641 1928 Pacem
686 1866 1022 1929 conciliant
1065 1888 1239 1930 arae.
1292 1862 1731 1927 Penetralibus
1777 1865 1977 1950 iqnenz

372 2044 381 2049 ἱ
413 1968 746 2033 Sacratum
790 1992 1056 2055 rapuere
1102 1968 1306 2055 adytis·
1351 1968 1593 2051 rituque
1639 1969 1921 2031 iuvencos

413 2071 724 2137 Chaldaeo
769 2085 1042 2136 stravere
1086 2073 1271 2159 nzaqi.
1364 2072 1507 2135 Rex
1554 2072 1687 2157 ipse
1733 2073 2052 2135 micantem

406 2173 686 2240 Inclinat
728 2176 950 2241 deaetra
982 2189 1276 2262 pateram
1321 2188 1675 2261 secretaque
1720 2176 1871 2240 Beli

405 2278 493 2342 Et
533 2303 695 2365 vaqa
741 2291 997 2343 testatur
1041 2280 1369 2342 volventem
1415 2277 1626 2340 sidem
1674 2278 1979 2341 Mithram
2007 2278 2077 2361 1).

377 2380 549 2461 Quae
561 2383 701 2466 quis
717 2384 970 2467 ignoret
987 2382 1214 2449 summi
1235 2401 1369 2448 esse
1393 2383 1724 2449 momenti.
1750 2384 1914 2448 Nam
1945 2384 2021 2448 de
2044 2383 2280 2448 Mithra

198 2505 366 2552 anno
431 2487 702 2570 quodam
763 2488 996 2554 saeculi
1047 2489 1255 2571 quarti
1319 2488 1601 2553 exeuntis
1671 2508 1707 2551 a
1749 2488 1962 2552 Persis
2019 2488 2186 2553 culto
2243 2508 2280 2553 a

195 2593 486 2657 Romano
582 2592 762 2657 nobis
841 2591 1117 2657 traditur
1204 2593 1512 2673 scriptore
1593 2592 1857 2675 aequali.
1972 2591 2279 2671 Quattuor
2337 2637 2340 2638 ν

200 2697 417 2760 61116111
464 2699 677 2776 partes
707 2697 776 2759 in
822 2696 989 2762 cultu
1035 2699 1287 2778 peracto
1337 2700 1482 2762 sunt
1528 2695 1957 2775 discernenda,
2006 2697 2277 2777 primum

199 2800 410 2863 thuris
442 2799 817 2878 immolatio,
852 2803 988 2864 tum
1016 2800 1181 2882 ignis
1206 2799 1432 2864 sacrati
1465 2819 1628 2879 116116,
1664 2819 1851 2881 porro
1878 2801 2279 2865 iuvencorum

202 2903 526 2982 mactatio,
585 2904 850 2987 denique
898 2904 1065 2987 regis
1119 2903 1360 2968 libatio.
1438 2906 1523 2969 At
1566 2905 1915 2988 interroges
1962 2904 2111 2987 quid
2158 2905 2278 2971 sibi

203 3008 398 3072 velint
485 3010 679 3074 Verba
749 3029 905 3092 quae
981 3012 1128 3075 sunt
1202 3008 1625 3095 penetralibus
1692 3010 1892 3094 iqnem
1959 3022 2280 3071 sacratum

203 3136 469 3197 rapuere
567 3113 790 3199 adytis.
908 3113 1218 3195 Equidem
1321 3131 1685 3195 persuasum
1771 3112 1969 3178 habeo
2062 3112 2277 3195 ignem

206 3216 519 3279 sacratum
572 3216 639 3279 in
708 3217 918 3301 adytis
983 3219 1454 3295 conservatum,
1534 3236 1607 3280 ex
1664 3216 1743 3280 iis
1791 3219 2083 3298 ereptum
2152 3218 2278 3281 aris

204 3317 413 3399 palam
471 3337 605 3383 esse
664 3319 990 3397 iniectum,
1057 3339 1258 3402 neque
1316 3321 1383 3383 in
1446 3319 1873 3401 penetralibus
1937 3319 2089 3402 ipsis
2131 3321 2281 3385 thus

208 3440 338 3486 esse
399 3423 813 3490 combustum.
890 3423 1035 3487 Sine
1099 3424 1232 3489 ullo
1296 3424 1486 3489 dubio
1548 3426 1683 3489 tum
1736 3425 1926 3489 boves
1984 3425 2278 3490 omnibus

206 3526 705 3608 inspectantibus
748 3528 893 3591 sunt
924 3529 1149 3595 necati.
1216 3527 1504 3610 Denique
1537 3547 1641 3593 rex
1667 3530 1948 3609 pateram
1975 3528 2278 3611 sanguine

208 3631 314 3694 aut
354 3632 501 3695 vino
550 3633 931 3712 completam
978 3632 1182 3695 libans
1229 3632 1450 3695 Belum
1496 3631 1925 3715 Mithramque
1973 3633 2277 3698 adoravit.

205 3734 298 3798 Ea
352 3734 483 3799 fere
547 3737 696 3800 tunc
756 3738 935 3819 gesta
996 3736 1157 3802 sunt.
1245 3737 1468 3800 Restat
1527 3737 1597 3800 ut
1659 3755 1817 3818 quae
1875 3737 1950 3800 de
1997 3737 2277 3803 Mithrae

210 3838 373 3904 cultu
419 3840 556 3921 ipso
617 3842 913 3922 cognosci
976 3839 1219 3922 possint
1279 3842 1763 3922 perscrutemur.
1856 3845 1946 3906 Ac
2005 3841 2277 3922 primum

210 3943 458 4027 quidem
511 3945 722 4008 verbis
793 3943 1085 4008 chaldaeo
1161 3945 1291 4007 ritu
1357 3944 1451 4007 nil
1521 3944 1639 4007 nisi
1700 3963 2026 4026 magorum
2084 3945 2277 4011 ritum

208 4047 546 4130 significari
604 4050 775 4129 puto.
904 4049 1092 4131 Apud
1146 4049 1369 4112 Persas
1443 4050 1614 4113 enim
1689 4048 1958 4113 Mithrae
2032 4069 2276 4132 quoque

340 4220 379 4289 ¹)
416 4222 484 4275 ed
519 4222 578 4275 L.
616 4222 748 4292 Jeep
785 4224 813 4275 I
850 4224 1144 4277 214—215.
1181 4223 1260 4275 De
1291 4238 1438 4276 cons·
1462 4221 1782 4276 Stilichonis
1807 4220 1835 4274 I
1860 4223 2029 4291 (XXI)
2056 4226 2280 4281 59—63.

204 4311 410 4382 Lipsiae
452 4310 601 4363 1876.
661 4311 744 4362 8⁰.

2347 1574 2494 1628 XXIX.
2533 1574 2762 1630 Claudius

2402 1642 2718 1699 Claudianus,
