2925 4802
57 85 271 1123 s

64 1214 67 1293 ἓ
162 1244 314 1311 Sub
361 1243 669 1331 rupibus:

64 1302 67 1337 i

66 1402 67 1435 1

66 1462 69 1493 Γ

1173 287 1258 353 59

246 523 423 587 yere.
492 519 654 584 quae
698 520 888 560 sacra
920 496 1206 582 primum
1255 496 1491 560 Persae
1534 497 1901 578 habuerunt,
1950 522 1989 559 a
2041 495 2259 560 Persis

255 602 573 689 Phryqes,
620 627 661 665 a
705 598 1068 688 Phryqibus
1097 600 1388 667 Romani.
1433 598 1666 686 Apud
1697 600 1931 665 Persas
1971 600 2082 665 Sol
2116 624 2258 686 pro-

242 706 403 793 prio
447 707 688 770 nomine
730 713 948 791 Mytra
995 703 1246 785 dicitur,
1295 716 1364 767 ut
1409 702 1727 768 Hostanes
1770 703 1983 790 refert.

155 809 304 875 Seu
360 810 585 873 Persei
620 809 735 872 sub
780 806 1045 893 rupibus
1090 808 1296 871 antri:

256 914 495 979 Persei
533 913 609 976 ab
654 912 1019 993 Achemene,
1088 909 1316 975 Persei
1353 925 1408 976 et
1449 910 1886 976 Andromedae
1912 911 2081 997 filio,
2150 936 2258 997 qui

250 1020 359 1083 ibi
408 1019 772 1105 imperavit,
842 1041 1006 1082 nunc
1052 1016 1449 1081 Achemenii:
1498 1016 1608 1080 ubi
1648 1015 2001 1102 Apollinem
2053 1015 2256 1081 Solem

254 1124 497 1188 dicunt.
551 1121 750 1187 Cuius
794 1135 850 1185 et
893 1144 1222 1185 sacrorum
1267 1122 1425 1184 ritus
1471 1121 1781 1185 i'nvenzsse
1824 1119 2132 1186 dicuntur.

259 1349 509 1413 Persae
553 1349 619 1411 in
664 1348 929 1434 spelaeis
974 1347 1098 1410 coli
1129 1345 1330 1411 Solem
1363 1347 1573 1432 primi
1595 1347 1896 1411 invenisse
1939 1347 2253 1414 dicuntur.

255 1465 352 1517 est
396 1454 558 1516 enim
602 1453 673 1516 in
715 1452 957 1538 spelaeo
992 1450 1245 1515 Persico
1289 1450 1505 1514 habitu
1549 1476 1686 1515 cum
1732 1453 1932 1533 tiara,
1981 1453 2255 1538 utrisque

255 1555 557 1619 manibus
602 1554 770 1618 bovis
816 1577 1049 1617 cornua
1095 1554 1510 1640 comprimens
1524 1580 1547 1637 ,·
1619 1579 1775 1640 quae
1832 1555 2255 1641 interpretatio

256 1658 353 1724 ad
384 1660 635 1723 Lunam
664 1657 911 1723 dicitur.
988 1657 1157 1721 Nam
1186 1656 1518 1745 indiqnata
1549 1661 1743 1745 sequi,
1746 1659 2019 1742 fratrem
2048 1684 2257 1729 occur-

257 1764 351 1827 rit
395 1763 516 1845 illi,
561 1776 617 1826 et
646 1763 848 1827 lumen
877 1762 1161 1826 subtexit.
1230 1762 1356 1826 His
1387 1777 1594 1827 autem
1626 1764 1903 1828 versibus
1932 1788 2258 1828 sacrorum

257 1869 562 1956 mysteria
601 1865 918 1954 patefecit.
1002 1866 1114 1931 Sol
1154 1868 1336 1949 enim,
1384 1869 1602 1931 lunam
1646 1869 1941 1932 minorem
1971 1870 2256 1954 potentia

256 1996 383 2036 sua
445 1985 501 2035 et
557 1970 947 2035 humiliorem
1005 1969 1246 2052 docens,
1318 1982 1568 2035 taurum
1625 1970 1900 2036 insidens
1963 1972 2257 2036 cornibus

259 2088 518 2163 torquet.
597 2075 834 2153 Quibus
882 2074 1063 2139 dictis
1103 2074 1339 2139 Statius
1385 2075 1600 2138 lunam
1644 2075 1948 2139 bicornem
1995 2075 2265 2161 intelliqi

258 2178 472 2259 voluit,
547 2202 675 2242 non
750 2179 1060 2242 animalia
1127 2178 1353 2263 quibus
1420 2176 1683 2242 vehitur.
1809 2177 1990 2256 Quod
2053 2191 2256 2241 autem

263 2283 519 2365 dicitur,
595 2295 967 2368 torquentem
1043 2305 1297 2362 cornua,
1360 2281 1449 2346 ad
1519 2280 1685 2345 illud
1738 2283 2020 2368 pertinet,
2097 2281 2260 2367 quod

262 2388 714 2453 simulachrum
757 2388 892 2452 eius
904 2387 1178 2475 flnqitur
1210 2388 1570 2452 reluctantis
1602 2389 1778 2452 tauri
1803 2411 2035 2453 cornua
2066 2400 2258 2451 reten-

265 2506 433 2557 tare:
466 2515 587 2578 quo
621 2493 1012 2579 siqntflcatur
1044 2491 1260 2555 lunam
1301 2493 1379 2555 ab
1423 2515 1492 2556 eo
1538 2494 1742 2557 lumen
1774 2494 2074 2579 accipere,
2121 2516 2259 2557 cum

266 2597 536 2683 coeperit
578 2598 657 2661 ab
702 2597 833 2661 eius
878 2595 1079 2660 radiis
1123 2598 1459 2683 seqreqari.

176 2700 524 2789 Indiqnata
569 2702 751 2786 sequi
789 2715 1163 2787 torquentem
1210 2725 1445 2765 cornua
1494 2702 1811 2788 Mytram:

272 2806 473 2869 Prius
531 2804 804 2869 ordinem
870 2805 1043 2886 dicit,
1106 2805 1502 2892 postmodum
1564 2804 1715 2870 dicit
1772 2832 2037 2874 sensum.
2137 2809 2260 2875 Seu

266 2911 550 2996 Mytram
594 2910 814 2974 vocari
838 2924 1130 2996 praestat
1184 2911 1296 2973 sub
1347 2910 1572 2974 Persei
1611 2912 1788 2974 antri
1827 2911 2088 2998 rupibus
2134 2927 2257 2976 tor-

267 3026 547 3099 quentem
617 3036 876 3095 cornua,
955 3011 1282 3100 indiqnata
1343 3018 1534 3101 sequi.
1636 3013 1869 3079 Sensus
1939 3017 2085 3080 talis
2153 3031 2258 3100 est,

271 3117 510 3181 Persae
565 3118 632 3180 in
692 3118 958 3203 spelaeis
1004 3118 1190 3181 solem
1237 3119 1455 3183 colunt.
1535 3120 1619 3184 Et
1683 3120 1782 3183 hic
1849 3121 1945 3183 sol
1994 3122 2260 3207 proprio

267 3221 513 3285 nomine
569 3235 820 3285 vocatur
882 3221 1098 3308 Mytra
1110 3272 1130 3303 ,
1192 3223 1417 3308 quique
1477 3223 1737 3308 eclipsin
1781 3225 2057 3309 pat-itur,
2126 3224 2260 3288 ideo

266 3328 441 3389 intra
485 3339 734 3389 antrum
778 3325 1018 3390 colitur.
1090 3326 1209 3390 Est
1264 3341 1469 3391 autem
1523 3329 1660 3413 ipse
1714 3328 1814 3391 sol
1854 3329 2045 3392 leonis
2090 3329 2261 3392 vultu

268 3454 409 3494 cum
471 3429 679 3493 thiara
729 3429 982 3493 Persico
1042 3430 1277 3512 habitu,
1325 3444 1380 3493 et
1431 3431 1712 3514 utrisque
1757 3431 2046 3494 manibus
2093 3431 2260 3494 bovis

266 3556 503 3599 cornua
535 3534 955 3619 comprimens·
999 3534 1174 3612 Quae
1203 3535 1627 3619 interpretatio
1652 3534 1741 3598 ad
1767 3535 1980 3598 lunam
2004 3531 2258 3617 dicitur,

267 3661 429 3725 quae
471 3637 799 3725 indiqnata
842 3639 1027 3724 sequi
1056 3637 1338 3724 fratrem
1382 3639 1619 3702 occurit
1676 3639 1797 3720 illi,
1851 3653 1906 3703 et
1951 3639 2142 3702 lucem
2204 3641 2267 3703 ei

267 3743 576 3807 obscurat.
624 3741 908 3807 Nudavit
951 3757 1152 3807 autem
1194 3744 1625 3830 mysteriorum
1641 3755 1910 3829 partem.
1966 3742 2077 3807 Sol
2117 3767 2260 3830 erqo

267 3847 463 3933 quasi
487 3845 701 3911 lunam
734 3849 1032 3912 minorem
1063 3848 1303 3929 docens,
1336 3846 1475 3912 ideo
1505 3862 1754 3912 taurum
1785 3861 2037 3934 torquet.
2095 3849 2261 3912 Min

270 3962 473 4015 autem
518 3974 752 4015 cornua
784 3953 1018 4038 posuit,
1081 3965 1148 4015 ut
1203 3952 1418 4015 lunam
1462 3950 1860 4038 manifestius
1891 3964 2110 4038 posset
2151 3974 2259 4015 ex-

256 4057 540 4143 primere
583 4080 704 4120 non
733 4056 992 4138 animal,
1041 4079 1159 4141 quo
1204 4056 1319 4119 illa
1364 4056 1507 4119 vehi
1521 4056 1868 4143 fiquratur.
1944 4054 2069 4120 Sed
2109 4057 2261 4142 quia

270 4161 437 4224 locus
505 4184 625 4223 non
686 4174 774 4224 est
832 4160 1090 4224 deorum
1148 4161 1407 4224 istorum
1462 4174 1696 4224 secreta
1753 4161 1938 4225 iuxta
1998 4173 2261 4225 tenorem

271 4265 550 4328 internae
573 4265 1006 4352 philosophiae
1040 4263 1356 4346 disserere,
1401 4263 1476 4329 de
1500 4263 1744 4350 fiquris
1789 4277 1992 4328 tamen
2036 4263 2260 4349 quibus
