2925 4802
1469 234 1553 295 68

369 440 467 506 illi
526 444 591 506 et
636 441 802 508 huic.
872 440 1300 524 Cognovimus
1355 440 1527 504 enim
1587 441 1828 505 cultum
1887 439 2067 504 illum
2123 443 2432 523 tempore,
2495 458 2681 524 quod

366 546 744 611 Plutarchus
770 545 1030 622 iudicat,
1056 564 1093 607 a
1107 548 1318 628 gente,
1334 565 1524 628 quam
1541 545 1905 609 Lactantius
1927 545 2230 623 nominat,
2245 546 2327 609 ad
2340 546 2675 610 Romanos

370 667 504 713 esse
548 649 946 715 translatum.
1030 650 1119 713 At
1163 650 1499 714 statuimus
1546 649 1624 713 de
1667 650 2116 731 propagatione
2162 650 2304 730 ipsa
2348 669 2466 713 nec
2509 651 2681 713 Plu-

366 754 655 818 tarchum
704 773 820 818 nec
866 753 1269 818 Lactantium
1316 754 1494 835 plura
1538 756 1650 817 aut
1693 753 2119 834 probabiliora
2162 770 2471 821 narrasse.

540 858 635 923 De
667 858 1087 922 exstinctione
1117 861 1334 922 autem
1356 856 1840 922 Mithriacorum
1873 857 2284 922 memoranda
2308 860 2457 922 sunt
2479 858 2675 921 haec:

365 963 663 1027 Paulinus
696 964 976 1027 Nolanus
1026 982 1170 1026 cum
1202 962 1543 1027 Mithriaca
1588 963 1951 1043 perpetrata
1980 962 2338 1044 adspexisse
2370 962 2673 1026 videatur

367 1067 500 1149 ipse
533 1067 715 1132 nobis
747 1069 843 1131 est
871 1067 1055 1130 testis
1088 1082 1280 1148 usque
1310 1064 1391 1129 ad
1420 1069 1713 1148 quartum
1746 1068 1890 1148 post
1913 1065 2232 1131 Christum
2267 1069 2484 1130 natum
2517 1083 2669 1129 sae-

366 1172 573 1234 culum
609 1172 844 1235 cultum
898 1171 1068 1234 illius
1100 1170 1218 1233 Dei
1253 1169 1538 1234 floruisse
1567 1173 1914 1254 peractum.
1991 1171 2319 1235 Socratem
2366 1172 2431 1236 et
2463 1171 2666 1234 Sozo-

362 1293 619 1338 menum
673 1277 882 1338 autem
940 1274 1166 1338 docere
1213 1274 1481 1337 vidimus
1539 1274 1962 1339 Alexandriae
2007 1274 2438 1352 Mithriacum,
2489 1275 2663 1355 quod

362 1378 596 1442 diutius
627 1396 886 1441 vacuum
915 1396 988 1441 ac
1020 1377 1381 1459 neglectum
1414 1377 1627 1456 fuerit,
1658 1378 1935 1442 dirutum
1967 1380 2285 1460 postremo
2313 1377 2659 1461 gentilium

361 1480 672 1547 seditione
704 1483 916 1546 exorta
944 1480 1299 1545 Theodosio
1333 1481 1587 1546 iubente
1620 1482 1806 1563 plane
1838 1500 1970 1546 esse
2003 1481 2420 1546 devastatum.
2492 1482 2658 1544 Tum

360 1586 714 1669 Hieronyus
767 1584 1041 1648 affirmat
1087 1584 1440 1649 Gracchum
1494 1585 1881 1667 praefectum
1922 1585 2061 1650 urbi
2115 1604 2276 1649 anno
2335 1588 2663 1650 trecente-

359 1689 519 1754 simo
564 1692 741 1752 sexto
803 1689 901 1752 vel
950 1692 1167 1752 octavo
1212 1691 1467 1752 senatus
1511 1688 1680 1751 iussu
1725 1690 1966 1753 Romae
2009 1688 2281 1754 Mithrae
2326 1690 2656 1770 spelaeum

359 1792 677 1859 evertisse.
768 1791 967 1871 Quam
1015 1794 1095 1857 ob
1142 1811 1415 1871 causam,
1465 1812 1606 1856 cum
1652 1812 1690 1855 a
1735 1793 2018 1868 Socrate,
2064 1811 2101 1855 a
2149 1794 2523 1870 Sozomeno,
2571 1795 2657 1858 ab

358 1896 747 1981 Hieronymo
816 1897 894 1960 de
962 1896 1095 1959 illis
1139 1896 1707 1978 praestantissimis
1775 1896 2027 1977 imperii
2075 1897 2344 1961 Romani
2393 1896 2658 1961 urbibus

358 2001 598 2083 agatur,
647 2002 817 2064 recte
850 2000 1090 2063 iudices
1137 2000 1475 2064 Mithriaca
1519 2002 1630 2064 illo
1662 2002 1947 2082 tempore
2001 2021 2112 2083 per
2142 2003 2349 2065 totum
2381 2022 2656 2084 regnum

359 2107 603 2168 exstare
651 2104 932 2170 desiisse.

530 2208 632 2271 De
679 2208 894 2271 mundi
944 2210 1154 2271 autem
1204 2210 1383 2290 parte
1444 2227 1560 2290 per
1603 2227 1788 2292 quam
1835 2208 2004 2273 Deus
2049 2209 2157 2273 ille
2204 2211 2410 2274 cultus
2456 2209 2658 2274 fuerit

354 2312 694 2394 scriptores
739 2311 831 2374 nil
879 2311 1006 2376 fere
1040 2312 1217 2391 certi,
1263 2313 1535 2394 Eunapii
1572 2312 1649 2376 de
1681 2315 2003 2379 sacerdote
2038 2315 2332 2397 Thespiis
2368 2313 2653 2378 Mithrae

352 2416 579 2496 verbis,
609 2436 770 2498 quae
795 2417 880 2479 nil
907 2417 1154 2494 docent,
1190 2419 1491 2500 exceptis,
1523 2419 1796 2486 tradunt.
1832 2417 2002 2498 Quae
2027 2435 2148 2497 res,
2181 2438 2320 2483 cum
2353 2436 2475 2501 quo
2508 2418 2653 2486 loco

352 2539 566 2586 omnes
644 2519 774 2582 fere
841 2519 1287 2602 inscriptiones
1357 2540 1429 2584 ac
1503 2540 1721 2585 omnes
1793 2523 2131 2588 simulacra
2194 2523 2650 2603 siutinventa,

351 2624 672 2712 cognitum
718 2623 1079 2702 habeamus,
1129 2624 1356 2688 nullius
1402 2629 1499 2689 est
1545 2627 1871 2694 momenti.

522 2727 797 2790 Nomina
870 2729 1080 2789 autem
1144 2727 1416 2792 Mithrae
1488 2730 1919 2795 attribuuntur
1984 2731 2169 2795 haec:
2249 2730 2517 2794 Perseus
2585 2735 2657 2797 et

346 2828 715 2915 βοοκλόπος
758 2851 795 2894 a
840 2830 1210 2915 PorphyriO,
1266 2833 1498 2912 ‘'11ng
1541 2834 1835 2919 ἀνίκητος
1884 2834 1960 2898 ab
2020 2835 2293 2915 Juliano‚
2364 2837 2534 2914 Θεὸς
2578 2836 2656 2903 ἐκ

353 2933 598 3023 πέτρας
645 2952 681 2997 a
727 2932 998 2996 Firmico
1049 2933 1355 3013 Materno,
1404 2935 1682 2999 Invictus
1727 2955 1764 2999 a
1805 2937 2072 3001 Paulino
2118 2936 2382 3005 Nolano,

541 3053 685 3119 Jam
778 3052 980 3117 cultus
1077 3054 1210 3135 ipse
1309 3058 1404 3120 est
1495 3058 2000 3137 perscrutandus.
2113 3059 2400 3123 Primum
2499 3059 2647 3141 qui-

348 3155 493 3220 dem
567 3157 644 3221 de
719 3158 841 3225 Dei
919 3158 1211 3239 genitura
1284 3180 1357 3223 ex
1434 3163 1614 3243 petra
1678 3161 1859 3243 plura
1927 3181 2230 3247 cognosse
2299 3162 2647 3247 intellegas

340 3259 657 3324 Justinum
734 3261 1110 3346 Martyrum,
1190 3262 1741 3343 Commodianum,
1820 3267 2165 3343 Firmicum
2258 3267 2644 3346 Maternum,

345 3364 821 3449 Hieronymum.
885 3365 1326 3431 venerationis
1357 3388 1568 3433 veram
1609 3371 1919 3452 naturam,
1970 3371 2089 3435 etsi
2125 3371 2298 3451 falso,
2335 3372 2650 3437 describit

346 3467 652 3532 Firmicus
710 3487 889 3532 sacra
953 3470 1084 3534 eius
1142 3472 1221 3535 ad
1279 3471 1446 3555 ignis
1491 3475 1873 3555 potestatem
1919 3476 2229 3544 translata
2286 3494 2424 3540 esse
2472 3476 2649 3541 affir-

344 3588 541 3638 mans,
621 3573 885 3638 Minime
927 3577 1096 3639 recte
1129 3576 1499 3641 disseruisse
1534 3577 1930 3642 statuendum
1980 3582 2075 3646 est
2107 3580 2434 3644 Socratem
2484 3599 2648 3662 quo-

343 3695 477 3758 que,
519 3675 623 3757 qui
660 3677 909 3741 colendi
944 3678 1064 3741 Dei
1108 3698 1289 3744 causa
1338 3679 1627 3745 homines
1680 3699 1919 3764 quoque
1950 3682 2300 3747 reddidisse
2333 3685 2645 3751 mactatos

344 3779 409 3841 et
451 3778 794 3843 visceribus
855 3781 1159 3863 inspectis
1205 3784 1685 3850 Mithriacorum
1749 3786 2016 3851 cultores
2078 3787 2457 3853 vaticinatos
2504 3808 2641 3855 esse

345 3881 519 3948 dicit.
614 3881 868 3947 Cultum
918 3888 1129 3950 autem
1193 3888 1256 3951 in
1313 3887 1581 3969 spelaeis
1641 3908 1777 3953 esse
1837 3893 2198 3972 peractum,
2247 3911 2360 3957 nos
2409 3894 2646 3959 docent

351 4003 567 4050 omues
617 3985 747 4051 fere
794 3988 1150 4070 scriptores.
1226 3991 1422 4057 Plura
1452 4013 1566 4075 pro
1616 3995 1786 4059 certo
1834 3994 2125 4060 habenda
2170 3995 2248 4060 de
2297 3996 2470 4061 cultu
2500 3999 2645 4078 ipso

340 4088 507 4155 haud
553 4091 903 4158 traduntur.

514 4195 610 4260 De
674 4197 960 4278 tempore
1038 4198 1520 4264 Mithriacorum
1595 4200 1895 4266 habemus
1962 4202 2336 4268 testimonia
2395 4203 2658 4277 Juliani„
