2925 4802
1158 204 1238 267 19

347 411 509 476 Aliis
542 411 805 475 Luciani
852 410 928 474 de
972 411 1215 476 Mithra
1259 411 1465 475 verbis
1514 411 1890 476 occurrimus
1934 411 1997 500 in
2048 411 2255 492 capite

168 533 338 600 nono
386 513 535 579 libri
570 515 646 578 de
680 513 950 578 concilio
994 514 1276 580 dem-um.-
1372 514 1584 578 Verba
1616 498 1785 577 enim
1832 514 2069 595 reperis
2102 513 2257 577 haec

164 615 339 687 Ἀλλ’
383 620 417 685 ὁ
448 619 676 696 ’Ἀττις
719 643 826 704 782.
871 613 925 684 ὦ
969 627 1135 698 Ζεῦ,
1192 619 1302 686 καὶ
1349 619 1385 684 ὁ
1432 614 1745 708 Κορύβας
1791 619 1900 685 καὶ
1960 620 1995 684 ὁ
2045 615 2257 702 Σαβά-

169 723 319 802 ζιος
375 718 594 788 πόθεν
654 723 809 806 ἡμῖν
851 719 1494 808 ἐπεισεκυκλήθησαν
1554 719 1737 789 οὗτοι
1797 724 1839 810 ἢ
1901 723 1938 787 ὁ
1982 722 2260 810 ΙΗίθρης

167 824 415 904 ἐκεῖνος
474 826 510 894 ὁ
556 829 815 917 ζΜῆὸος
871 822 906 892 ὁ
964 823 1076 890 τὸν
1135 824 1369 891 κάνδυν
1427 826 1538 890 καὶ
1603 826 1719 911 τήν
1778 824 2031 916 τίαραν,
2105 824 2258 891 οὐδὲ

173 929 516 1016 ἑλληνίζων
557 937 638 1016 τῇ
685 935 893 1018 φωνῇ,
939 929 1107 995 ὥστε
1154 925 1292 994 οὔδ’
1345 931 1419 1014 ἢν
1462 928 1717 1017 προπίῃ
1758 954 1859 1007 τις
1922 928 2169 1015 ξυνίησι
2186 927 2255 1007 1).

174 1032 466 1114 Scriptor
543 1032 711 1096 enim
786 1032 1068 1119 Momum
1147 1030 1465 1118 dicentem
1547 1031 1735 1114 fingit
1809 1032 1873 1095 in
1948 1032 2260 1096 conventu

176 1135 440 1202 deorum
489 1137 555 1200 et
602 1135 921 1200 dolentem
976 1136 1212 1200 multos
1266 1119 1467 1213 tanto⁴
1496 1136 1733 1200 honore
1781 1135 2073 1218 indignos
2108 1136 2257 1199 deos

172 1260 310 1306 esse
358 1240 621 1306 creatos.
699 1237 834 1318 Qua
878 1238 941 1302 in
990 1238 1411 1321 reuMithram
1459 1239 1638 1330 quasi
1671 1225 2258 1322 peregrinissimum

158 1346 646 1420 commemorat,
705 1343 827 1407 nisi
885 1343 1048 1408 forte
1094 1341 1337 1407 iudicas
1383 1343 1639 1406 Medum
1691 1362 1727 1406 a
1772 1343 2080 1425 scriptore
2142 1362 2255 1425 pro

173 1451 364 1513 Persa
422 1466 554 1513 esse
619 1447 948 1530 scriptum.
1050 1447 1173 1511 Sed
1234 1466 1375 1511 cum
1430 1446 1636 1510 verbis
1697 1432 1926 1516 κάνδυν
1982 1448 2090 1513 καὶ
2146 1449 2261 1533 τήν

166 1554 420 1642 τίαραν,
455 1552 678 1640 quibus
724 1552 907 1615 rebus
937 1552 1160 1614 Persas
1205 1550 1473 1615 vestitos
1524 1569 1657 1614 esse
1706 1553 1973 1628 constat,
2021 1551 2255 1627 utatur,

171 1658 376 1721 elucet
421 1658 638 1721 tamen
684 1653 760 1720 de
791 1654 1052 1738 origine
1097 1653 1355 1718 Persica
1385 1653 1661 1718 Mithrae
1708 1655 2076 1737 scriptorem
2128 1675 2259 1719 cer-

167 1761 401 1845 tiorem
471 1758 705 1823 factum
765 1757 975 1825 fuisse.
1084 1744 1249 1837 Quid
1304 1759 1516 1822 autem
1571 1757 1962 1841 significetur
2006 1746 2258 1823 rocibus

167 1861 324 1932 οὐδὲ
407 1863 740 1950 ἑλληνίζων
805 1865 882 1951 τῇ
953 1871 1170 1950 φωνῇ’,
1232 1859 1399 1929 ὥστε
1475 1859 1614 1929 οὔδ’
1684 1865 1756 1949 ἢν
1827 1863 2084 1951 προπίῃ
2157 1889 2258 1941 τις

167 1969 425 2055 ξυνίησι
469 1967 873 2049 mequidem
920 1966 1100 2047 fugit.
1192 1964 1428 2044 Quibus
1474 1951 1621 2030 usus
1666 1958 1938 2049 scriptor
1966 1967 2033 2030 id
2064 1986 2257 2030 unum

176 2072 382 2154 egisse
430 2071 698 2148 videtur,
744 2072 815 2134 ut
862 2061 1343 2146 demonstraret,
1393 2070 1627 2151 quanto
1674 2089 1880 2135 mores
1926 2070 2044 2135 Dei
2093 2069 2257 2135 Solis

169 2175 408 2242 Invicti
441 2173 855 2239 abhorrerent
895 2193 932 2238 a
959 2174 1238 2238 moribus
1271 2171 1551 2237 aliorum'
1574 2165 1849 2238 deorum.
1940 2175 2160 2238 Restat
2190 2175 2259 2237 ut

167 2279 486 2351 affirmem
556 2277 656 2341 his
722 2277 1022 2361 expositis
1083 2263 1237 2341 non'
1271 2293 1409 2339 esse
1466 2275 1837 2341 incredibile
1895 2276 2256 2354 Lucianum‚

166 2401 315 2449 cum
360 2380 668 2448 Mithram
714 2380 782 2444 in
829 2380 1308 2465 peregrinorum
1370 2380 1633 2445 deorum
1694 2398 1949 2445 numero
2006 2378 2257 2457 habeat,

166 2489 504 2568 ignorasse
550 2469 676 2547 D³ei
721 2484 999 2549 Mithrae
1049 2483 1289 2548 cultum
1339 2481 1534 2546 etiam
1579 2501 1692 2566 per
1737 2469 2100 2548 Romanum
2137 2483 2260 2546 im-

164 2591 417 2674 perium
467 2608 603 2655 esse
648 2592 1079 2674 pervagatum.

347 2781 677 2846 Accedunt
752 2780 1135 2846 Tertulliani
1210 2779 1596 2845 testimonia.
1710 2780 1996 2844 Primum
2070 2781 2259 2846 intel-

164 2886 446 2968 legenda
535 2886 680 2949 sunt
767 2885 957 2964 verba
1045 2885 1216 2948 Nam·
1290 2898 1347 2948 et
1426 2884 1629 2948 sacris
1703 2883 2074 2969 quibusdam
2142 2910 2259 2971 per

164 2989 503 3053 lavacrum
599 2987 930 3053 initiantur
1020 2988 1216 3053 Isidis
1314 2989 1588 3053 alicuius
1695 3004 1805 3053 aut
1890 2990 2164 3054 M‘thrae
2180 2978 2257 3073 2).

160 3092 431 3157 Minime
507 3094 722 3156 autem
800 3092 1150 3158 accuratius
1229 3092 1596 3157 distinxisse
1657 3094 1970 3175 scriptor*
2003 3092 2257 3158 videtur

164 3199 232 3261 et
285 3196 525 3260 cultum
556 3195 749 3260 Isidis
783 3198 847 3261 et
877 3196 1349 3261 venerationem
1383 3195 1499 3261 Dei
1536 3195 1701 3261 Solis
1734 3196 2028 3264 Mithrae.
2099 3197 2255 3261 Cum

163 3299 345 3363 enim
392 3300 470 3364 ad
517 3298 697 3362 illum
744 3298 1175 3383 peragendum
1221 3300 1489 3364 lavacris
1533 3299 1883 3386 Aegyptios
1928 3318 2072 3366 usos
2123 3320 2256 3366 esse

147 3403 439 3484 constet,
505 3420 541 3465 a
603 3402 769 3467 nullo
804 3407 808 3416 ’
838 3404 1019 3468 nobis
1078 3403 1354 3476 traditur
1411 3404 1718 3484 scriptore
1779 3405 1859 3468 ad
1918 3404 2259 3470 Mithriaca

148 3507 419 3590 ‘duoque
443 3507 887 3588 pertractanda
932 3508 1048 3571 illa
1094 3526 1230 3571 esse
1264 3506 1570 3572 adhibita.
1646 3509 1989 3598 Praecipue
2022 3513 2254 3590 autem,

162 3630 314 3676 cum
360 3610 571 3674 verbis
618 3611 881 3675 minime
917 3610 1234 3677 distinctis
1269 3630 1341 3676 ea
1387 3612 1465 3676 de
1511 3632 1578 3676 re
1622 3599 1863 3696 agatur,
1912 3615 2257 3680 Tertullia-

148 3703 321 3778 'num
372 3730 610 3779 errasse
658 3734 859 3797 neque
896 3716 1031 3780 eius
1078 3715 1422 3780 narrationi
1452 3715 1644 3780 fidem
1682 3718 2087 3783 tribuendam
2121 3736 2257 3785 esse
2309 3751 2313 3755 ·

161 3821 397 3883 statuo,
474 3819 600 3884 Sed
647 3838 987 3903 cognoscas
1038 3839 1107 3884 ex
1157 3819 1255 3884 his
1300 3821 1509 3885 verbis
1556 3821 1775 3887 eadem
1808 3820 2051 3888 elucere
2100 3842 2255 3906 quae

165 3941 278 3987 nos
330 3923 545 3987 docuit
591 3924 1169 4010 JustinusMartyr
1213 3925 1350 3989 loco
1399 3945 1436 3989 a
1482 3945 1584 3994 me
1630 3927 2081 4008 supracitato,

174 4129 199 4141 ..
270 4133 285 4142 ί
347 4098 387 4165 ¹)
423 4098 462 4149 1.
501 4113 547 4149 ο.
584 4098 685 4148 762
723 4098 832 4165 (111
870 4081 1185 4168 533—544).

342 4183 385 4253 ²)
422 4182 505 4237 ed.
541 4184 601 4239 F.
673 4184 872 4240 Oehler
911 4187 941 4241 I
975 4188 1078 4238 623
1117 4186 1219 4256 (De
1254 4187 1529 4258 baptismo
1566 4188 1634 4256 5).
1708 4190 1922 4261 Lipsiae
1963 4190 2113 4244 1853.
2149 4190 2223 4244 8⁰.

1875 4294 1944 4345 2*

2328 419 2384 472 IX
2419 422 2451 470 2
2481 418 2739 473 Lucianus.

2327 2800 2386 2862 X'
2411 2812 2458 2863 1.
2496 2807 2548 2877 Q.
2577 2807 2738 2880 Septi-

2327 2879 2457 2933 mius
2538 2879 2741 2933 Florens

2352 2950 2708 3030 'l'ertuilianust
