2925 4802
1392 223 1695 321 ,16-

1203 953 1431 1031 11111611
1484 900 1871 1068 Iibrorum.

566 1164 855 1246 Longum
918 1164 1014 1228 est
1074 1163 1357 1227 omnium
1423 1164 1502 1226 de
1547 1162 1783 1227 Mithra
1842 1164 1975 1227 Deo
2024 1164 2168 1228 Sele
2216 1163 2464 1227 Invicto
2514 1164 2702 1243 apud

392 1267 703 1331 Romanos
779 1265 942 1330 culto
1022 1266 1400 1348 scriptorum
1493 1267 1841 1331 sententias
1934 1267 2107 1349 quasi
2186 1267 2693 1332 innumerabiles

392 1390 772 1448 enumerare,
863 1372 1087 1436 Restat
1170 1372 1447 1448 tantum,
1532 1372 1602 1434 ut
1668 1371 1888 1436 titulos
1972 1371 2290 1436 nominem
2366 1371 2694 1435 librorum

392 1474 1140 1556 commentationumque‚
1204 1475 1428 1556 quibus
1483 1474 1733 1539 uberius
1798 1478 1862 1539 et
1928 1475 2265 1556 perfectius
2320 1474 2398 1538 de
2442 1475 2695 1540 Mithra

392 1579 620 1661 agItur.

565 1680 727 1746 811111ι
772 1684 981 1746 autem
1030 1683 1134 1745 hi:

565 1806 615 1868 I.
666 1803 1161 1867 Monumenta
1208 1804 1501 1868 veteris
1549 1804 1769 1869 Antii
1817 1804 1937 1869 1166
1986 1807 2083 1869 est
2118 1806 2178 1887 (.
2220 1861 2229 1869 .
2272 1805 2327 1886 .)
2369 1806 2431 1868 et
2461 1778 2691 1869 tabula

392 1908 557 1972 Solis
604 1906 875 1970 Mithrae
921 1907 1112 1970 variis
1159 1908 1375 1989 figuris
1425 1910 1489 1972 et
1535 1908 1841 1992 symbolis
1876 1910 2222 1990 exsculpta,
2273 1927 2428 1990 quae
2475 1927 2689 1988 nuper

389 2011 543 2074 inibi
593 2012 860 2091 reperta,
910 2030 1071 2074 nunc
1115 2012 1424 2093 prodeunt
1457 2012 1913 2077 commentario
1946 2013 2262 2077 illustrata
2293 2013 2357 2077 et
2388 2013 2687 2076 accurate

390 2115 723 2196 explicata.
792 2115 1115 2179 Accedunt
1162 2116 1219 2197 (.
1263 2168 1273 2180 .
1317 2116 1373 2195 .)
1421 2117 1674 2180 auctore
1720 2116 2022 2199 Philippo
2070 2136 2106 2178 a
2152 2117 2365 2180 Turre.
2436 2115 2685 2180 Addita

394 2222 450 2302 (.
500 2224 600 2296 ..)
648 2239 707 2300 p.
759 2238 817 2299 p.
876 2219 1231 2283 157-252.
1325 2221 1564 2284 Romae
1615 2222 1799 2285 1700.
1849 2220 1936 2287 4⁰.

564 2341 645 2406 II.
693 2340 790 2403 La
835 2339 1190 2422 Religion
1240 2342 1364 2406 des
1412 2340 1749 2406 Gaulois.
1843 2343 1960 2406 Par
2007 2343 2062 2406 le
2110 2343 2181 2408 R..
2229 2343 2299 2408 P.
2351 2342 2518 2406 Dom
2568 2341 2678 2379 ***

390 2444 724 2525 leligieuse
770 2445 1146 2509 Benedictin
1192 2445 1268 2509 de
1317 2447 1378 2509 la
1426 2446 1922 2530 Crongregation
1973 2448 2050 2511 de
2099 2448 2160 2513 S.
2207 2449 2400 2510 Maur.
2479 2447 2681 2511 Tome

391 2548 664 2630 premier
708 2569 767 2630 p.
820 2569 876 2631 p.
904 2550 1027 2615 52.
1077 2551 1179 2616 60
1230 2552 1374 2614 223.
1425 2551 1578 2614 421-
1583 2551 1791 2615 -476,
1839 2550 2017 2616 Paris
2047 2552 2254 2614 1727.
2303 2551 2391 2616 40.

564 2672 680 2734 III.
715 2672 771 2735 J.
812 2670 880 2735 G
915 2670 1330 2736 Eiohhorm
1366 2672 1786 2754 Gettingsche
1818 2672 2114 2755 gelehrte
2142 2670 2588 2758 Anzeigen(.
2623 2670 2679 2752 .)

396 2760 524 2838 Der
585 2773 800 2838 zweite
858 2775 1037 2838 Band
1121 2777 1227 2838 ms
1284 2775 1393 2840 das
1438 2776 1596 2840 Jahr
1659 2777 1843 2843 1814.
1895 2778 2038 2842 203.
2133 2776 2328 2841 Stiiek
2398 2777 2478 2838 19
2524 2776 2674 2839 XII.

396 2879 581 2945 1814.
628 2900 688 2961 p.
739 2881 797 2944 6.
890 2877 1256 2961 Gettingen.
1304 2881 1389 2947 80.

566 3000 668 3062 IV.
705 3001 764 3065 J.
801 3001 870 3065 G.
920 3001 1314 3066 Eiehhorn.
1365 3000 1783 3085 Gettingsehe
1820 3003 2103 3086 gelehrte
2139 3002 2478 3085 Anzeigen.
2545 3003 2676 3067 Der

392 3103 605 3168 zweite
648 3104 827 3168 Band
892 3105 1002 3169 auf
1076 3107 1186 3171 das
1232 3107 1391 3171 Jahr
1438 3107 1632 3173 1815.
1701 3109 1839 3171 135.
1890 3107 2085 3171 Stiiek
2130 3109 2213 3172 26
2260 3107 2429 3169 VIII.
2484 3107 2673 3172 1815.

393 3227 452 3288 p.
498 3207 557 3269 5.
608 3207 975 3292 Gettingen.
1022 3210 1109 3274 80.

569 3329 640 3396 V.
693 3331 749 3395 J.
800 3330 870 3398 G.
920 3330 1341 3409 Eiehhern‚
1400 3332 1484 3395 (16
1547 3333 1697 3398 Deo
1763 3333 1939 3397 Sole
2000 3332 2306 3396 Invicto
2365 3332 2671 3399 Mithra.

392 3431 971 3500 Commentationes
1059 3436 1381 3501 societatis
1462 3437 1675 3519 regiae
1737 3437 2144 3502 scientiarum
2234 3435 2677 3518 Gottingensis

392 3539 625 3602 recent.
673 3540 792 3602 III.
841 3541 919 3603 ad
967 3559 1003 3602 a
1041 3541 1223 3605 1814.
1279 3542 1460 3608 1815.
1511 3542 1600 3606 Cl.
1650 3542 1798 3608 hist.
1848 3544 1912 3606 et
1958 3541 2109 3622 phil.
2145 3543 2256 3607 III.
2306 3559 2538 3605 comm.
2575 3562 2674 3622 pr.

393 3661 496 3723 pp.
552 3643 907 3707 153—-172
957 3662 1181 3709 66111111.
1230 3646 1393 3726 post.
1446 3646 1802 3712 173-194.
1850 3645 2193 3728 Gottingae
2248 3639 2430 3711 1815.
2480 3645 2571 3712 40.

565 3765 670 3830 VI.
720 3764 796 3828 H.
848 3767 1047 3831 Seel:
1096 3768 1240 3832 Die
1287 3767 2188 3849 Mithrageheimnisse
2233 3767 2525 3834 wahrend
2560 3770 2676 3835 der

392 3885 532 3931 vor·
576 3867 702 3931 und
745 3869 1225 3935 urehristliehen
1270 3872 1423 3939 Zeit.
1515 3893 1575 3954 p.
1609 3872 1759 3936 XVI
1792 3873 1856 3937 et
1890 3873 2031 3938 748.
2083 3873 2292 3936 Aarau
2341 3873 2527 3939 1823.
2579 3874 2673 3940 80.

568 3991 704 4056 VII.
751 3991 1091 4058 Nouvelles
1156 3994 1588 4060 observatione
1649 4015 1750 4060 sur
1807 3997 1866 4060 16
1913 3995 2114 4079 grand
2172 3997 2681 4062 Bas-Relief

390 4093 881 4176 Mithriaque
923 4097 999 4160 de
1033 4098 1095 4160 la
1126 4099 1461 4164 collection
1493 4101 1832 4184 Borghese.
1889 4102 2010 4165 Par
2054 4099 2284 4165 Felix
2333 4101 2590 4184 Layar
2610 4101 2669 4166 (1.
2727 4157 2736 4172 .

390 4217 452 4278 Ρ.
499 4199 602 4262 41.
662 4198 842 4264 Paris
890 4201 1075 4268 1824.
1124 4201 1212 4267 40.
