2925 4802
2487 84 2516 103 ’
2679 84 2874 267 ’Ἴ

673 487 926 552 serpens
958 469 1455 552 circumstringit
1508 468 1728 552 cuique
1774 468 2048 538 insertae
2079 470 2225 534 sunt
2263 469 2501 534 zodiaci
2525 487 2728 533 rursus

672 574 1006 657 imagines,
1071 572 1368 652 Quamvis
1412 574 1643 650 autem,
1692 592 1833 636 cum
1879 572 2131 637 solitum
2169 572 2452 637 ordinem
2496 572 2727 651 habeas,

672 678 1014 743 verisimile
1047 677 1132 741 sit
1172 695 1387 740 omnes
1421 695 1525 741 eas
1557 676 1745 741 fuisse
1777 677 1978 754 fictae,
2008 679 2227 741 tamen
2257 677 2519 760 pictura,
2551 695 2728 759 quam

675 782 943 864 scriptor
990 782 1129 860 dat,
1192 779 1378 847 modo
1425 782 1689 864 praebet
1735 781 2030 860 arietem,
2095 783 2379 861 taurum,
2440 781 2729 865 geminoS,

675 904 1020 965 cancerem,
1065 885 1326 964 leonem,
1373 885 1716 968 virginem,
1754 886 2007 964 libram,
2060 885 2477 969 scorpionem,
2524 887 2736 950 arcite-

676 991 949 1055 nentem.
1041 991 1117 1053 In
1165 1009 1239 1055 ea
1285 1007 1528 1072 quoque
1572 990 1791 1054 tabula
1835 989 2174 1071 inspexisti
2233 991 2301 1054 et
2348 992 2623 1075 ectypum
2664 991 2735 1053 et

673 1096 969 1160 statuam.

1668 260 1750 324 88

848 1284 1078 1350 Omnia
1122 1284 1320 1366 igitur
1365 1283 1667 1366 descripti
1698 1284 1944 1367 generis
1991 1284 2260 1349 artificia
2307 1286 2384 1349 de
2416 1286 2581 1351 cultu
2608 1285 2740 1367 ipso

675 1387 856 1471 plura
898 1406 1006 1454 nos
1066 1406 1196 1452 non
1242 1389 1526 1454 docuere.
1618 1386 1706 1452 At
1762 1387 1829 1451 id
1874 1407 2065 1452 unum
2111 1408 2227 1470 pro
2284 1390 2460 1454 certo
2519 1390 2738 1454 habeas

676 1494 1032 1558 nominatas
1065 1511 1309 1577 quoque
1334 1492 1645 1575 imagines
1669 1494 1991 1557 Romanae
2028 1508 2164 1557 esse
2192 1492 2481 1576 originiS,
2515 1492 2742 1559 Persici

676 1599 876 1663 cultus
921 1597 1235 1661 rationem
1280 1596 1669 1669 aemulantes
1715 1616 1838 1661 non
1885 1617 1949 1661 re
1994 1615 2141 1661 vera
2184 1597 2508 1662 habentes

847 1789 986 1853 Hoc
1030 1788 1169 1853 loco
1202 1788 1420 1852 notare
1466 1788 1658 1853 liceat
1702 1787 2045 1852 verisimile
2092 1807 2225 1876 esse
2273 1788 2565 1854 nonnulla
2597 1789 2749 1854 Ger-

676 1893 919 1957 maniae
953 1892 1377 1969 monnmenta,
1426 1910 1583 1974 quae
1626 1893 1817 1956 Petro
1868 1892 2156 1975 apostolo
2192 1892 2448 1975 addicta
2484 1894 2747 1969 exstant,

674 1996 949 2059 Mithrae
1011 1994 1193 2059 huius
1238 1995 1489 2079 generis
1536 1996 1845 2080 imagines
1902 1995 2276 2079 significare.
2371 1998 2448 2061 In
2493 2013 2749 2079 quorum

596 2173 599 2177 ⁴
675 2118 935 2164 numero
952 2100 1291 2182 praecipue
1322 2101 1798 2165 monumentum
1827 2099 2005 2185 illud,
2046 2101 2211 2191 quod
2237 2100 2743 2165 »Externsteine«

609 2200 614 2206 ’
674 2206 950 2282 vocatur,
995 2204 1353 2273 habendum
1400 2221 1531 2269 esse
1579 2203 1737 2267 mihi
1786 2196 2042 2286 quidem
2087 2204 2356 2269 videtur.

851 2396 1086 2478 Quibus
1133 2396 1439 2479 expositis
1488 2396 1614 2460 iam
1664 2396 1744 2460 ad
1788 2395 1901 2460 illa
1944 2395 2045 2461 his
2078 2397 2390 2462 contraria
2419 2396 2754 2462 simulacra

676 2503 1094 2585 procedimus,
2515 2491 2518 2492 ⁷

220 2802 271 2854 L.
310 2818 356 2870 p.
393 2801 581 2856 fflfflv,
848 2778 1343 2859 Pervestiganda
1388 2777 1583 2861 igitur
1627 2779 1726 2842 est
1769 2779 2002 2860 pagina
2047 2778 2299 2860 Lajardi
2346 2798 2401 2846 v,
2438 2780 2496 2843 d.
2546 2781 2757 2861 operis

677 2881 1139 2965 septuagesima
1213 2882 1451 2964 quarta.
1560 2881 1754 2946 Vides
1843 2882 2189 2965 imaginem
2272 2881 2488 2947 multis
2573 2883 2760 2948 rebus

678 2986 987 3051 diversam
1033 2987 1109 3049 ab
1156 2985 1311 3050 aliis.
1402 2986 1688 3049 Primum
1734 2986 1850 3050 hoc
1885 3004 2016 3050 ‘uno
2065 2987 2402 3052 simulacro
2449 2986 2755 3051 Mithram

675 3091 745 3154 in
798 3092 973 3155 tauro
1038 3089 1293 3172 quidem
1356 3091 1659 3169 stantem,
1719 3110 1844 3156 non
1908 3111 2048 3156 eum
2107 3094 2437 3157 necantem
2497 3094 2759 3175 reperis,

675 3194 1080 3259 Mactationis
1165 3195 1372 3275 operis
1455 3194 1942 3261 instrumentum
2029 3196 2242 3261 dextra
2316 3198 2485 3261 Deus
2557 3199 2761 3263 tenet.

677 3300 770 3363 De
831 3318 899 3362 re
983 3317 1170 3382 quam
1249 3298 1508 3363 sinistra
1567 3298 1843 3365 Mithrae
1913 3298 2338 3381 amplectitur-
2382 3318 2602 3366 manus
2669 3304 2766 3368 nil

677 3403 905 3467 certius
953 3419 1084 3467 esse
1131 3402 1462 3467 dicendum
1524 3404 1754 3468 statuo.
1872 3404 2102 3470 Credas
2166 3404 2443 3469 fructum
2488 3405 2765 3490 aliquem

677 3506 1030 3590 significare
1080 3506 1387 3572 artificem
1433 3500 1724 3573 voluisse.
1797 3510 1872 3571 In
1918 3507 2059 3572 aliis
2104 3508 2391 3591 partibus
2423 3510 2552 3587 illa,
2602 3530 2766 3593 quae

675 3631 926 3693 semper
956 3612 1063 3674 aut
1095 3611 1339 3693 saepius
1370 3612 1792 3690 inveniuntur,
1835 3612 2031 3678 cultus
2064 3613 2379 3678 attributa
2418 3615 2562 3678 sunt
2593 3615 2765 3683 ficta.

677 3717 770 3780 De
818 3713 1040 3798 quibus
1085 3732 1282 3797 pauca
1321 3714 1548 3779 dicam.
1596 3716 1880 3779 Primum
1911 3715 2412 3799 intellegendum
2455 3720 2571 3797 est,
2623 3740 2769 3786 cum

675 3819 844 3883 tauri
890 3817 1246 3882 immolatio
1295 3837 1420 3882 non
1470 3818 1555 3882 sit
1599 3821 1873 3900 peracta,
1923 3839 2121 3903 neque
2155 3822 2519 3903 serpentem
2562 3843 2770 3907 neque

677 3941 896 3987 canem
926 3941 1128 4004 neque
1160 3922 1555 4003 scorpionem
1588 3921 1813 4002 locum,
1863 3943 2049 4007 quem
2082 3924 2304 4004 solent,
2349 3926 2582 3994 tenere.
2621 3927 2772 4007 'Qua

676 4047 741 4092 re
771 4027 940 4091 recte
967 4026 1043 4090 de
1077 4026 1168 4090 eis
1193 4045 1303 4090 nos
1335 4026 1563 4110 egisse,
1591 4021 1951 4109 cognoscas
2002 4028 2179 4108 Tum,
2216 4048 2403 4112 quem
2446 4031 2771 4099 rarissime

677 4131 939 4208 invenis,
964 4130 1140 4195 vides
1169 4129 1416 4195 leonem
1446 4151 1479 4196 e
1506 4149 1651 4196 saxo
1677 4131 2204 4214 progredientem.
2245 4121 2379 4211 Qua
2404 4153 2472 4198 re
2489 4134 2772 4204 Mithrae

680 4252 712 4297 e
744 4236 920 4316 petra
966 4235 1320 4317 genituram
1367 4236 1873 4317 cognoscendam
1909 4255 2063 4318 esse,
2112 4237 2250 4321 quis
2284 4239 2381 4302 est
2414 4238 2520 4321 qui
2551 4244 2771 4326 neget.
