2925 4802
221 2488 338 2543 xxn
371 2489 419 2539 2.
444 2486 636 2542 Flavius

225 2557 456 2612 Claudius
505 2554 636 2609 Juli-

225 2645 347 2683 anus
379 2628 636 2696 Apostata.

1686 289 1769 355 38

692 507 803 574 τόν
837 490 1112 588 βασιλέα
1157 504 1337 592 ἥλιον
1376 505 1551 593 προς
1596 502 1991 571 Σαλούστιον
2030 502 2231 567 tradit
2273 501 2436 566 haec
2490 499 2572 567 οἱ
2625 505 2831 584 μῆνες

693 611 909 676 ἅπασι
928 609 1048 693 μὲν
1066 615 1203 687 τοῖς
1228 609 1456 688 ἄλλοις
1474 607 1566 686 ὠς
1591 604 1753 686 ἔπος
1769 605 1975 674 εἰπεῖν
1989 607 2131 674 ἀπὸ
2151 615 2271 693 τῆς
2294 604 2601 692 σελήνης
2626 604 2833 693 ἀριθ-

694 720 985 797 μοῦνται,
1040 708 1227 794 μόνοι
1273 712 1345 779 δὲ
1403 712 1595 798 ἡμεῖς
1637 714 1749 779 καὶ
1775 708 2137 799 Αἰγύπτιοι
2193 711 2578 800 πρός“τοὶς
2634 707 2830 793 ἡλίου
2901 714 2902 731 ’

696 814 974 907 κινήσεις
1017 811 1291 884 ἑκάστου
1333 824 1694 905 μετροῦμεν
1736 815 2041 884 ἐνιαυτοῦ
2084 814 2204 895 τοὶς
2248 815 2537 904 ἡμέρας.
2610 816 2690 882 εἴ
2734 815 2830 896 (δὲ

699 918 1139 1002 SpanhemiuS,
1187 941 1297 986 σοι
1338 919 1655 1003 Hertlein)
1702 944 1809 989 σοι
1841 922 2008 1003 μετοέ
2053 928 2251 988 τοῦτο
2286 918 2523 1010 φαίην,
2579 916 2693 1000 ὥς
2724 920 2830 986 καὶ

697 1024 809 1089 τόν
858 1024 1138 1113 Μίθραν
1176 1032 1468 1108 τιμῶμεν
1526 1024 1634 1091 καὶ
1692 1025 1932 1110 ἄγομεν
1982 1023 2200 1109 ιΗλίῳ
2243 1022 2825 1114 τετραετηρικούς

697 1128 966 1212 ἀγῶνας,
1022 1126 1150 1217 ἐρῶ
1192 1125 1469 1215 νεώτερα
1489 1128 1557 1210 ¹).
1637 1126 1876 1207 Quibus
1920 1128 2129 1193 verbis
2160 1127 2439 1211 primum
2475 1125 2638 1191 sine
2688 1125 2821 1189 ullo

701 1228 892 1296 dubio
926 1231 1421 1313 cognoscendum
1454 1234 1552 1296 est
1599 1232 1921 1297 Julianum
1971 1232 2176 1313 ipsum
2207 1229 2586 1297 Mithriacis
2624 1231 2825 1296 fuisse

699 1335 1041 1413 initiatum,
1100 1336 1234 1399 tum
1287 1335 1400 1401 illo
1457 1336 1740 1418 tempore
1803 1333 2041 1400 cultum
2098 1335 2307 1418 palam
2368 1339 2824 1419 propagatum

703 1438 1039 1505 exstitisse.
1127 1439 1291 1504 Puto
1353 1440 1568 1504 autem
1631 1438 1886 1504 vocibus
1945 1437 2072 1528 ἐριῦ
2126 1435 2405 1523 νεώτερα
2467 1438 2535 1502 id
2617 1457 2824 1503 unum

702 1540 1043 1625 significari
1089 1544 1525 1625 argumentum
1573 1543 1648 1608 de
1680 1544 1919 1610 Mithra
1963 1542 2136 1608 cultu
2169 1560 2303 1607 esse
2346 1540 2822 1607 novissimum.

702 1649 839 1711 Iam
899 1647 1088 1711 Verba
1139 1648 1379 1735 ἄγομεν
1429 1648 1640 1734 ιΗλίῳ
1685 1647 2220 1738 τετραετηρικοῠς
2290 1643 2555 1732 α’γῶνας
2611 1647 2825 1731 intcr7

704 1749 942 1833 pretari
985 1749 1148 1815 volo.
1237 1750 1377 1814 Etsi
1419 1752 1635 1817 credas
1679 1751 1828 1818 illos
1897 1752 2077 1817 ludos
2125 1749 2206 1814 ad
2248 1749 2610 1815 Mithriaca
2677 1751 2824 1833 ipsa

704 1853 1097 1936 pertinuisse,
1146 1855 1379 1931 tamen,
1428 1874 1566 1919 cum
1615 1856 1884 1938 scriptor
1928 1855 2222 1921 hocloco
2267 1855 2532 1920 verbum
2583 1857 2820 1944 ιΗλίῳ

704 1958 1023 2036 adhibeat,
1071 1977 1184 2041 pro
1232 1961 1403 2024 certo
1449 1958 1653 2024 habeo
1686 1959 1852 2038 illos,
1901 1979 1975 2024 ex
2007 1958 2131 2023 Dei
2172 1958 2334 2024 Solis
2365 1959 2591 2022 vetere
2633 1960 2817 2024 cultu

706 2065 896 2140 ortos,
956 2063 1180 2143 postea
1243 2081 1385 2127 cum
1451 2061 1727 2128 Mithrae
1774 2064 1894 2128 Dei
1955 2063 2360 2128 veneratione
2421 2078 2570 2125 esse
2634 2082 2820 2128 com-

705 2168 956 2232 mixtos.
1027 2167 1122 2231 De
1169 2167 1624 2233 certaminibus
1666 2167 1822 2246 illis,
1856 2186 1994 2232 cum
2025 2167 2206 2249 plura
2249 2184 2449 2247 neque
2498 2166 2818 2232 Julianus

705 2290 907 2354 neque
953 2272 1112 2336 alius
1156 2271 1428 2354 scriptor
1473 2274 1707 2349 narret,
1755 2272 1849 2335 nil
1895 2271 2127 2335 certius
2172 2271 2501 2336 habemus,

880 2479 1027 2545 Alio
1054 2498 1294 2563 quoque
1329 2477 1606 2544 eiusdem
1631 2477 1936 2544 orationis
1957 2477 2098 2543 loco
2132 2478 2424 2544 Julianus
2446 2478 2528 2542 de
2556 2479 2816 2550 Mithra

706 2584 999 2667 loquitur.
1092 2584 1301 2649 Verba
1347 2582 1516 2648 enim
1562 2584 1719 2647 haec
1770 2585 1901 2673 πρὸ
1945 2592 2064 2669 τῆς
2108 2581 2477 2670 νουμηνίας,
2529 2583 2814 2664 εὖθὲως

704 2690 868 2774 μετοέ
926 2692 1037 2756 τὸν
1078 2689 1444 2756 τελευταῖον
1486 2697 1606 2754 τοῦ
1659 2683 1917 2778 Κρόνου
1962 2693 2153 2774 μῆνα,
2215 2691 2533 2770 ποιοῦμεν
2573 2682 2812 2773 Ἠλίῳ

705 2795 816 2861 τὸν
857 2794 1411 2883 περιφανέστατον
1455 2794 1692 2878 ἀγῶνα,
1735 2793 1851 2877 τῆν
1891 2792 2123 2881 ἑορτήν
2160 2791 2365 2877 ιΗλίῳ
2410 2792 2814 2880 καταφημί-

708 2920 931 2976 σαντες
985 2894 1285 2983 ἀνικήτῳ,
1332 2896 1487 2981 μεθ’
1551 2895 1626 2962 ὃν
1682 2893 1875 2964 ου’δὲν
1932 2896 2132 2980 θέμις
2190 2891 2279 2961 ὦν
2337 2895 2373 2962 ὁ
2417 2897 2812 2974 τελευταῖος

705 3025 750 3083 μ
760 2997 832 3086 ἦν
853 2996 984 3083 ἔχει
1013 3005 1441 3089 σκυθρωπῶν,
1464 2999 1580 3084 μέν
1601 2996 1967 3087 ιῖναγκαίων
1993 2998 2259 3081 δ’ὅμως,
2281 2998 2806 3085 ἐπιτελεσθῆναι

707 3103 1147 3187 θεαμάτωνἏ).
1240 3103 1465 3168 Verbis
1536 3103 1787 3185 quidem
1848 3100 2049 3188 Ἡλίῳ
2114 3102 2425 3188 Ἀνικήτῳ
2479 3100 2807 3166 Mithram

709 3207 1055 3292 significari
1101 3207 1240 3290 quis
1287 3209 1386 3271 est
1439 3207 1545 3289 qui
1580 3209 1786 3291 neget.
1865 3207 1961 3270 De
2007 3206 2250 3287 reipsa
2280 3205 2493 3269 autem
2532 3207 2807 3270 narrata

709 3312 912 3377 multa
974 3311 1037 3375 in
1102 3309 1470 3376 discrimine
1528 3311 1875 3376 vertuntur.
1965 3310 2252 3374 Primum
2309 3308 2474 3392 quod
2532 3309 2804 3391 tempus

709 3415 1070 3481 certaminis
1129 3416 1214 3479 sit
1272 3415 1673 3480 statuendum
1735 3414 2209 3499 investigemus.
2300 3414 2535 3479 Credas
2595 3415 2803 3480 verbe

708 3521 1045 3607 νεομηνίας
1089 3519 1358 3601 primam
1413 3520 1661 3600 partem
1728 3519 2031 3584 circuitus
2093 3520 2277 3583 lunae
2340 3516 2666 3596 denotari,
2731 3522 2803 3585 at

712 3642 832 3706 ego
911 3623 1163 3705 quidem
1223 3639 1594 3705 persuasum
1656 3622 1856 3689 habeo
1926 3643 2155 3690 novum
2225 3642 2500 3688 mensem
2586 3623 2799 3706 signi-

711 3727 968 3792 ficatum
1014 3745 1148 3791 esse
1197 3726 1714 3811 cognoscendum.
1800 3726 1973 3806 Quae
2020 3748 2161 3793 cum
2206 3728 2301 3792 ita
2344 3727 2477 3792 sint
2521 3744 2797 3811 cumque

711 3831 1015 3895 vocabula
1089 3833 1426 3913 sequantur
1496 3834 1661 3916 μετά
1735 3833 1846 3898 τόν
1902 3834 2270 3899 τελευταῖον
2350 3837 2467 3898 τοῦ
2532 3828 2798 3920 Κρόνου

711 3944 899 4023 μῆνα,
961 3935 1317 4018 intellegas,
1380 3935 1503 4000 nisi
1567 3936 1816 4000 Petavii
1887 3936 2247 4001 coniectura
2309 3954 2526 4000 vocem
2570 3936 2705 4022 μήν
2760 3955 2795 3999 e

713 4038 1095 4120 glossemate
1142 4057 1295 4118 esse,
1345 4058 1466 4122 qua
1495 4039 1835 4105 Mithriaca
1879 4040 2094 4105 statim
2141 4041 2287 4122 post
2330 4039 2632 4105 ultimum
2682 4041 2797 4105 Sa-

890 4192 929 4261 ¹)
965 4193 1045 4247 ed.
1082 4193 1140 4249 F.
1179 4191 1236 4248 O.
1274 4193 1520 4248 Hertlein
1554 4197 1675 4260 201,
1712 4196 1900 4249 6—11.
1940 4197 2039 4248 155
2075 4196 2138 4249 Β.
2175 4195 2390 4265 Lipsiae
2428 4195 2575 4249 1875.
2611 4196 2691 4249 8⁰.

891 4278 932 4347 ²)
968 4280 1005 4332 1.
1043 4296 1087 4332 c.
1124 4281 1245 4343 202,
1278 4281 1536 4345 24—203,
1579 4283 1620 4333 1.
1659 4282 1759 4333 156
1795 4279 1989 4335 B.—o.
