2925 4802
1688 241 1773 306 64

694 448 834 531 plus
881 449 1036 514 certi
1086 449 1342 514 Nonnus
1387 469 1511 515 non
1558 449 1775 529 habet,
1838 470 1976 515 cum
2034 452 2236 516 varias
2299 453 2376 517 de
2440 473 2516 518 eo
2575 452 2761 535 opini-

697 572 848 617 ones
891 553 1120 621 tradat.
1211 555 1478 619 Restant
1525 554 1725 620 denuo
1769 555 2210 639 investiganda
2265 556 2341 621 de
2383 556 2759 638 probationi-

694 657 965 739 busipsis
990 658 1261 723 narrata.
1332 656 1630 736 Quamvis
1665 659 1834 722 enim
1860 678 1934 724 ea
1957 677 2024 722 re
2047 678 2194 724 vera
2217 658 2387 724 facta
2409 660 2604 726 fuisse
2629 677 2760 724 con-

696 762 849 840 stet,
916 763 1133 827 tamen
1216 782 1424 827 rursus
1492 763 1798 829 abhorreo
1868 782 1907 826 a
1969 764 2093 828 fide
2163 765 2372 830 verbis
2449 764 2758 846 scriptoris

698 865 918 930 danda.
1010 867 1490 933 Dilucidissime
1539 867 1709 931 enim
1757 870 1878 933 hoc
1924 887 2169 953 quoque
2212 868 2350 934 loco
2398 869 2758 952 scriptorem

696 969 1107 1035 christianum
1157 973 1561 1037 eremitarum
1611 974 1719 1037 aut
1748 975 2094 1057 martyrum
2129 973 2551 1039 abstinentiae
2598 991 2758 1037 exer-

592 1132 597 1139 .
697 1073 1031 1139 citationes
1090 1076 1392 1158 quasdam
1452 1095 1703 1141 narrare
1768 1079 2086 1159 apparet.
2122 1097 2263 1142 cum
2325 1077 2403 1142 de
2463 1076 2648 1141 famis
2704 1077 2758 1140 et

695 1178 977 1261 frigoris.
1014 1179 1414 1262 perpessione
1484 1181 1790 1263 loquatur.
1905 1179 2069 1259 Quid
2133 1183 2347 1245 autem
2400 1183 2591 1247 verba
2650 1180 2757 1246 sibi

694 1282 891 1347 velint
933 1282 1198 1381 ἐποίουν
1242 1285 1433 1351 αὐτοὶ
1480 1284 1677 1369 πάλιν
1719 1287 2036 1372 ξεσθῆναι
2080 1285 2194 1352 ἐπὶ
2250 1286 2370 1354 δύο
2416 1286 2660 1375 ἡμέρας
2700 1284 2757 1346 in

697 1385 883 1451 dubio
941 1387 1045 1468 *est
1100 1386 1599 1470 relinquendum.
1727 1385 2029 1467 Quamvis
2089 1389 2290 1470 igitur
2344 1389 2600 1453 dubium
2645 1406 2756 1452 non

697 1493 808 1568 sit,
870 1490 1019 1572 quin
1066 1491 1471 1573 probationes
1502 1491 1779 1557 Mithrae
1828 1491 2020 1557 sacris
2061 1492 2395 1558 initiandis
2441 1492 2754 1575 impositae

696 1594 843 1671 sint,
890 1596 1107 1659 tamen
1156 1614 1298 1659 cum
1348 1597 1424 1660 ab
1473 1596 1759 1661 omnibus
1806 1597 2183 1679 scriptorum
2234 1597 2311 1661 de
2373 1616 2447 1660 ea
2491 1592 2558 1661 re
2580 1596 2754 1661 dictis

643 1722 649 1737 ·
696 1697 851 1761 fides
917 1697 1010 1782 ‚sit
1084 1699 1310 1778 aliena,
1372 1700 1744 1766 desistamus
1823 1702 1900 1766 de
1980 1701 2237 1767 meliore
2309 1720 2521 1767 earum
2565 1719 2753 1767 rerum

698 1803 1080 1884 cognitione.

214 2003 395 2058 XXXIX.
435 2002 608 2057 Suidas
870 1992 1162 2058 Veterum
1196 1992 1569 2075 scriptorum
1608 1994 1996 2060 testimoniis
2027 1984 2496 2061 adnumeranda
2525 2012 2752 2078 quoque

697 2098 843 2162 sunt
889 2096 1120 2161 Suidae
1166 2098 1358 2162 verba
2132 2122 2137 2125 ·

868 2201 1172 2290 Μίθρου.
1263 2201 1549 2291 Μίθραν
1600 2202 1971 2288 νομίζουσιν
2030 2197 2191 2271 εἶναι
2248 2204 2312 2271 οἱ
2367 2203 2616 2294 Πέρσαι
2654 2201 2753 2269 τὸν

697 2305 890 2392 ἣλιον,
947 2307 1056 2374 καὶ
1111 2305 1320 2392 τούτῳ
1375 2305 1657 2373 θύουσιν
1706 2309 1960 2386 πολλοῖς
2024 2309 2289 2388 θυσίας·
2354 2306 2473 2375 οὐκ
2537 2311 2614 2375 ἂν
2664 2305 2752 2386 εἷς

696 2406 892 2476 αὐτὸν
935 2407 1286 2498 δυνήσαιτό
1330 2437 1433 2490 τις
1474 2412 1878 2498 τελεσθῆναι,
1927 2411 1987 2479 εἰ
2042 2414 2137 2500 μή
2193 2414 2304 2480 διὰ
2360 2421 2547 2479 τινῶν
2593 2417 2751 2497 βαθ-

693 2522 833 2599 μῶν
877 2512 1230 2603 παρελθών
1303 2524 1433 2579 τῶν
1492 2513 1816 2582 κολάσεων
1884 2515 2082 2597 δείξει
2140 2515 2369 2583 ἑαυτὸν
2430 2516 2601 2584 ὅσιον
2652 2516 2750 2581 καὶ

695 2614 937 2707 ἅπαθῆ
987 2618 1054 2702 1).
1178 2617 1333 2684 Cum
1412 2620 1625 2684 autem
1708 2619 1927 2683 eadem
2014 2617 2144 2684 fere
2208 2619 2548 2702 legerimus
2602 2617 2747 2700 apud

695 2722 992 2786 Nonnum
1036 2722 1570 2807 Mythographum
1616 2740 1817 2804 neque
1865 2722 2121 2788 dubium
2167 2724 2269 2803 sit,
2335 2723 2488 2807 quin
2532 2742 2601 2787 ex
2650 2720 2746 2785 illo

695 2824 979 2890 hauserit
1038 2828 1145 2891 aut
1193 2825 1414 2891 eodem
1460 2824 1635 2892 fonte
1696 2827 1780 2892 sit
1823 2844 1972 2891 usus
2018 2828 2307 2912 scriptor,
2356 2848 2484 2894 non
2526 2829 2615 2894 est
2654 2843 2747 2891 cur

696 2932 887 2996 verba
930 2931 1069 3014 ipsa
1112 2932 1344 2997 iterum
1391 2931 1900 3014 interpretemur.

265 3132 583 3187 XL.Eudocia
867 3121 1338 3206 Praetereunda
1402 3138 1538 3185 esse
1584 3139 1748 3204 nego
1798 3122 1990 3186 verba
2037 3121 2088 3205 ²)
2170 3122 2246 3187 de
2287 3123 2464 3188 cultu
2497 3122 2745 3189 Mithrae

255 3205 591 3326 Mfflegfftffili-
695 3226 1011 3292 Eudociae
1035 3225 1664 3305 Macrembolitissae‚
1712 3226 1995 3309 quamvis
2040 3226 2134 3290 nil
2180 3229 2324 3292 novi
2372 3246 2448 3292 ex
2496 3228 2576 3293 iis
2619 3242 2745 3307 cog-

349 3341 489 3395 ti÷sa.
696 3331 869 3395 nosci
913 3330 1134 3413 possit.
1205 3330 1491 3412 Scriptor
1524 3329 1694 3394 enim
1731 3330 1841 3395 ille
1887 3329 2050 3394 nihil
2093 3329 2261 3409 fecit,
2310 3332 2437 3396 nisi
2486 3330 2647 3419 quod
2686 3348 2745 3394 ex

697 3434 829 3499 illis
890 3433 1194 3517 expositis
1248 3433 1462 3499 Nonni
1510 3433 1963 3518 Mythographi
2030 3434 2335 3517 quaedam
2398 3434 2745 3520 composuit.

698 3537 833 3618 Qua
887 3539 955 3603 in
1000 3557 1069 3604 re
1131 3556 1270 3603 eam
1330 3557 1456 3603 non
1515 3537 1648 3603 sine
1695 3538 1827 3602 ulla
1873 3538 2119 3604 ratione
2166 3539 2375 3629 egisse
2419 3541 2743 3623 intellegam

698 3661 836 3707 cum
904 3643 1096 3707 verba
1162 3641 1349 3706 testis
1417 3640 1528 3709 ἐὰν
1593 3641 1757 3731 ζήσῃ
1821 3643 2086 3709 minime
2162 3644 2433 3725 repetat.
2523 3644 2746 3709 'Tamen

698 3764 944 3811 summa
1013 3764 1154 3810 cum
1213 3744 1449 3810 iniuria
1517 3745 1758 3810 iudices
1816 3746 2163 3811 Eudociam
2221 3763 2354 3811 rem
2416 3746 2743 3814 accuratius

697 3851 1134 3934 investigasse.
1213 3848 1385 3929 Quae
1435 3868 1578 3913 cum
1624 3849 1716 3914 ita
1761 3849 1907 3929 sint,
1940 3850 2247 3917 abhorreo
2294 3871 2332 3916 a
2363 3852 2571 3918 verbis
2612 3847 2743 3932 ipsis

698 3955 1024 4019 tradendis
1069 3953 1447 4036 uberiusque
1495 3953 1901 4036 explicandi&

845 4149 879 4212 ¹)
917 4147 998 4200 ed.
1036 4147 1086 4199 J.
1126 4145 1350 4212 Bekker,
1388 4145 1616 4199 Lexicon
1653 4145 1769 4198 716.
1844 4143 2082 4199 Berolini
2122 4145 2271 4197 1854.
2321 4145 2404 4199 4⁰.

840 4232 881 4300 2)
918 4232 999 4289 ed.
1021 4233 1072 4285 J.
1091 4231 1260 4286 Flach
1278 4232 1396 4296 478,
1418 4233 1676 4296 19—479,
1706 4233 1784 4284 13.
1821 4230 2093 4286 DCXLIX
2116 4232 2233 4285 291.
2272 4232 2485 4302 Lipsiae
2511 4230 2646 4284 1880.
2675 4224 2731 4277 8⁰.
