<?xml version="1.0" encoding="UTF-8"?>
<!DOCTYPE html PUBLIC "-//W3C//DTD XHTML 1.0 Transitional//EN"
    "http://www.w3.org/TR/xhtml1/DTD/xhtml1-transitional.dtd">
<html xmlns="http://www.w3.org/1999/xhtml" xml:lang="en" lang="en">
 <head>
  <title>
</title>
<meta http-equiv="Content-Type" content="text/html;charset=utf-8" />
  <meta name='ocr-system' content='tesseract 3.04.00' />
  <meta name='ocr-capabilities' content='ocr_page ocr_carea ocr_par ocr_line ocrx_word'/>
</head>
<body>
  <div class='ocr_page' id='page_1' title='image "./demithraedeisol00fabrgoog_0031.png"; bbox 0 0 2925 4802; ppageno 0'>
   <div class='ocr_carea' id='block_1_1' title="bbox 1221 288 1300 351">
    <p class='ocr_par' dir='ltr' id='par_1_1' title="bbox 1221 288 1427 371">
     <span class='ocr_line' id='line_1_1' title="bbox 1221 288 1300 351; baseline 0 0"><span class='ocrx_word' id='word_1_1' title='bbox 1221 288 1300 351; x_wconf 80' lang='lat'><strong>27</strong></span> 
     </span>
    </p>
   </div>
   <div class='ocr_carea' id='block_1_2' title="bbox 1154 380 1414 386">
    <p class='ocr_par' dir='ltr' id='par_1_2' title="bbox 1154 380 1414 386">
     <span class='ocr_line' id='line_1_2' title="bbox 1154 380 1414 386; baseline 0 0"><span class='ocrx_word' id='word_1_2' title='bbox 1154 380 1414 386; x_wconf 95' lang='lat' dir='ltr'><strong> </strong></span> 
     </span>
    </p>
   </div>
   <div class='ocr_carea' id='block_1_3' title="bbox 160 492 2404 2665">
    <p class='ocr_par' dir='ltr' id='par_1_3' title="bbox 160 492 2404 1621">
     <span class='ocr_line' id='line_1_3' title="bbox 211 492 2300 576; baseline 0 -19"><span class='ocrx_word' id='word_1_3' title='bbox 211 495 310 558; x_wconf 85' lang='lat' dir='ltr'><strong>At</strong></span> <span class='ocrx_word' id='word_1_4' title='bbox 370 493 523 575; x_wconf 88' lang='lat' dir='ltr'><strong>quid</strong></span> <span class='ocrx_word' id='word_1_5' title='bbox 587 492 712 557; x_wconf 90' lang='lat' dir='ltr'><strong>sibi</strong></span> <span class='ocrx_word' id='word_1_6' title='bbox 769 493 937 558; x_wconf 83' lang='lat' dir='ltr'><strong>velit·</strong></span> <span class='ocrx_word' id='word_1_7' title='bbox 981 512 1098 558; x_wconf 84' lang='lat' dir='ltr'><strong>vox</strong></span> <span class='ocrx_word' id='word_1_8' title='bbox 1147 513 1305 576; x_wconf 87' lang='lat' dir='ltr'><strong>quae</strong></span> <span class='ocrx_word' id='word_1_9' title='bbox 1370 495 1468 559; x_wconf 88' lang='lat' dir='ltr'><strong>est</strong></span> <span class='ocrx_word' id='word_1_10' title='bbox 1512 495 1922 559; x_wconf 69' lang='lat' dir='ltr'><em>monstrivora</em></span> <span class='ocrx_word' id='word_1_11' title='bbox 1967 494 2129 558; x_wconf 90' lang='lat' dir='ltr'><strong>mihi</strong></span> <span class='ocrx_word' id='word_1_12' title='bbox 2175 512 2300 559; x_wconf 91' lang='lat' dir='ltr'><strong>non</strong></span> 
     </span>
     <span class='ocr_line' id='line_1_4' title="bbox 208 590 2302 682; baseline -0 -17"><span class='ocrx_word' id='word_1_13' title='bbox 208 601 416 682; x_wconf 85' lang='lat' dir='ltr'><strong>patet,</strong></span> <span class='ocrx_word' id='word_1_14' title='bbox 479 613 714 663; x_wconf 79' lang='lat' dir='ltr'><strong>terreno</strong></span> <span class='ocrx_word' id='word_1_15' title='bbox 773 590 984 664; x_wconf 87' lang='lat' dir='ltr'><strong>autem</strong></span> <span class='ocrx_word' id='word_1_16' title='bbox 1044 602 1240 666; x_wconf 83' lang='lat' dir='ltr'><strong>verbo·</strong></span> <span class='ocrx_word' id='word_1_17' title='bbox 1297 600 1413 666; x_wconf 89' lang='lat' dir='ltr'><strong>hoc</strong></span> <span class='ocrx_word' id='word_1_18' title='bbox 1473 600 1612 665; x_wconf 90' lang='lat' dir='ltr'><strong>loco</strong></span> <span class='ocrx_word' id='word_1_19' title='bbox 1674 599 2051 663; x_wconf 85' lang='lat' dir='ltr'><strong>contrarium</strong></span> <span class='ocrx_word' id='word_1_20' title='bbox 2115 599 2302 664; x_wconf 90' lang='lat' dir='ltr'><strong>modo</strong></span> 
     </span>
     <span class='ocr_line' id='line_1_5' title="bbox 211 703 2299 787; baseline 0 -19"><span class='ocrx_word' id='word_1_21' title='bbox 211 703 589 768; x_wconf 83' lang='lat' dir='ltr'><strong>caelestium</strong></span> <span class='ocrx_word' id='word_1_22' title='bbox 645 723 854 769; x_wconf 89' lang='lat' dir='ltr'><strong>rerum</strong></span> <span class='ocrx_word' id='word_1_23' title='bbox 896 705 1241 787; x_wconf 85' lang='lat' dir='ltr'><strong>significari</strong></span> <span class='ocrx_word' id='word_1_24' title='bbox 1305 705 1508 771; x_wconf 89' lang='lat' dir='ltr'><strong>elucet</strong></span> <span class='ocrx_word' id='word_1_25' title='bbox 1563 725 1595 770; x_wconf 94' lang='lat' dir='ltr'><strong>e</strong></span> <span class='ocrx_word' id='word_1_26' title='bbox 1639 724 1708 769; x_wconf 93' lang='lat' dir='ltr'><strong>re</strong></span> <span class='ocrx_word' id='word_1_27' title='bbox 1753 704 1891 786; x_wconf 89' lang='lat' dir='ltr'><strong>ipsa</strong></span> <span class='ocrx_word' id='word_1_28' title='bbox 1946 705 2299 786; x_wconf 86' lang='lat' dir='ltr'><strong>explanata.</strong></span> 
     </span>
     <span class='ocr_line' id='line_1_6' title="bbox 160 805 2306 894; baseline -0.002 -20"><span class='ocrx_word' id='word_1_29' title='bbox 160 852 169 855; x_wconf 94' lang='lat'>-</span> <span class='ocrx_word' id='word_1_30' title='bbox 206 808 527 874; x_wconf 87' lang='lat' dir='ltr'><strong>Mithram</strong></span> <span class='ocrx_word' id='word_1_31' title='bbox 576 809 844 890; x_wconf 86' lang='lat' dir='ltr'><strong>denique</strong></span> <span class='ocrx_word' id='word_1_32' title='bbox 872 809 1099 894; x_wconf 82' lang='lat' dir='ltr'><strong>furem</strong></span> <span class='ocrx_word' id='word_1_33' title='bbox 1154 830 1191 874; x_wconf 91' lang='lat' dir='ltr'><strong>a</strong></span> <span class='ocrx_word' id='word_1_34' title='bbox 1237 810 1545 893; x_wconf 70' lang='lat' dir='ltr'><strong>scriptore</strong></span> <span class='ocrx_word' id='word_1_35' title='bbox 1592 808 1902 874; x_wconf 89' lang='lat' dir='ltr'><strong>nominari</strong></span> <span class='ocrx_word' id='word_1_36' title='bbox 1948 805 2306 872; x_wconf 81' lang='lat' dir='ltr'><strong>mirandum.</strong></span> 
     </span>
     <span class='ocr_line' id='line_1_7' title="bbox 209 910 2301 1000; baseline -0.001 -22"><span class='ocrx_word' id='word_1_37' title='bbox 209 933 345 978; x_wconf 90' lang='lat' dir='ltr'><strong>non</strong></span> <span class='ocrx_word' id='word_1_38' title='bbox 416 915 530 992; x_wconf 89' lang='lat' dir='ltr'><strong>est,</strong></span> <span class='ocrx_word' id='word_1_39' title='bbox 607 932 747 977; x_wconf 91' lang='lat' dir='ltr'><strong>cum</strong></span> <span class='ocrx_word' id='word_1_40' title='bbox 820 914 1109 979; x_wconf 89' lang='lat' dir='ltr'><strong>tradatur</strong></span> <span class='ocrx_word' id='word_1_41' title='bbox 1160 914 1382 1000; x_wconf 81' lang='lat' dir='ltr'><strong>furem</strong></span> <span class='ocrx_word' id='word_1_42' title='bbox 1458 912 1811 999; x_wconf 72' lang='lat' dir='ltr'><strong>depinqz’tis.</strong></span> <span class='ocrx_word' id='word_1_43' title='bbox 1912 910 2044 991; x_wconf 81' lang='lat' dir='ltr'><strong>Quo</strong></span> <span class='ocrx_word' id='word_1_44' title='bbox 2111 911 2301 976; x_wconf 84' lang='lat' dir='ltr'><strong>verbo</strong></span> 
     </span>
     <span class='ocr_line' id='line_1_8' title="bbox 211 1013 2303 1101; baseline -0.001 -19"><span class='ocrx_word' id='word_1_45' title='bbox 211 1018 468 1082; x_wconf 89' lang='lat' dir='ltr'><strong>constat</strong></span> <span class='ocrx_word' id='word_1_46' title='bbox 514 1016 1036 1082; x_wconf 84' lang='lat' dir='ltr'><strong>Commodianum</strong></span> <span class='ocrx_word' id='word_1_47' title='bbox 1105 1018 1171 1082; x_wconf 92' lang='lat' dir='ltr'><strong>id</strong></span> <span class='ocrx_word' id='word_1_48' title='bbox 1227 1019 1496 1100; x_wconf 90' lang='lat' dir='ltr'><strong>putasse,</strong></span> <span class='ocrx_word' id='word_1_49' title='bbox 1562 1016 1707 1101; x_wconf 89' lang='lat' dir='ltr'><strong>quia</strong></span> <span class='ocrx_word' id='word_1_50' title='bbox 1750 1017 1952 1080; x_wconf 91' lang='lat' dir='ltr'><strong>Deum</strong></span> <span class='ocrx_word' id='word_1_51' title='bbox 1998 1013 2303 1079; x_wconf 85' lang='lat' dir='ltr'><strong>Mithram</strong></span> 
     </span>
     <span class='ocr_line' id='line_1_9' title="bbox 210 1118 2305 1202; baseline -0.003 -15"><span class='ocrx_word' id='word_1_52' title='bbox 210 1124 444 1188; x_wconf 87' lang='lat' dir='ltr'><strong>bovem</strong></span> <span class='ocrx_word' id='word_1_53' title='bbox 498 1123 861 1186; x_wconf 71' lang='lat' dir='ltr'><strong>trahentem</strong></span> <span class='ocrx_word' id='word_1_54' title='bbox 928 1121 1146 1186; x_wconf 91' lang='lat' dir='ltr'><strong>fictum</strong></span> <span class='ocrx_word' id='word_1_55' title='bbox 1211 1122 1481 1200; x_wconf 84' lang='lat' dir='ltr'><strong>viderat,</strong></span> <span class='ocrx_word' id='word_1_56' title='bbox 1531 1140 1731 1202; x_wconf 89' lang='lat' dir='ltr'><strong>neque</strong></span> <span class='ocrx_word' id='word_1_57' title='bbox 1801 1118 1927 1183; x_wconf 90' lang='lat' dir='ltr'><strong>alio</strong></span> <span class='ocrx_word' id='word_1_58' title='bbox 1996 1118 2305 1200; x_wconf 80' lang='lat' dir='ltr'><strong>scriptore</strong></span> 
     </span>
     <span class='ocr_line' id='line_1_10' title="bbox 209 1220 2305 1292; baseline -0.003 0"><span class='ocrx_word' id='word_1_59' title='bbox 209 1228 383 1292; x_wconf 89' lang='lat' dir='ltr'><strong>teste</strong></span> <span class='ocrx_word' id='word_1_60' title='bbox 459 1244 643 1289; x_wconf 86' lang='lat' dir='ltr'><strong>usum</strong></span> <span class='ocrx_word' id='word_1_61' title='bbox 722 1223 836 1289; x_wconf 87' lang='lat' dir='ltr'><strong>illa</strong></span> <span class='ocrx_word' id='word_1_62' title='bbox 895 1223 1253 1291; x_wconf 88' lang='lat' dir='ltr'><strong>tradidisse.</strong></span> <span class='ocrx_word' id='word_1_63' title='bbox 1362 1225 1543 1289; x_wconf 88' lang='lat' dir='ltr'><strong>Idem</strong></span> <span class='ocrx_word' id='word_1_64' title='bbox 1604 1224 1816 1288; x_wconf 88' lang='lat' dir='ltr'><strong>autem</strong></span> <span class='ocrx_word' id='word_1_65' title='bbox 1886 1224 2016 1287; x_wconf 87' lang='lat' dir='ltr'><strong>fere</strong></span> <span class='ocrx_word' id='word_1_66' title='bbox 2078 1220 2305 1287; x_wconf 89' lang='lat' dir='ltr'><strong>docent</strong></span> 
     </span>
     <span class='ocr_line' id='line_1_11' title="bbox 209 1327 2300 1414; baseline -0.002 -19"><span class='ocrx_word' id='word_1_67' title='bbox 209 1331 411 1395; x_wconf 82' lang='lat' dir='ltr'><strong>Verba</strong></span> <span class='ocrx_word' id='word_1_68' title='bbox 456 1348 616 1413; x_wconf 80' lang='lat' dir='ltr'><strong>quae</strong></span> <span class='ocrx_word' id='word_1_69' title='bbox 648 1331 796 1394; x_wconf 82' lang='lat' dir='ltr'><strong>sunt</strong></span> <span class='ocrx_word' id='word_1_70' title='bbox 824 1330 1209 1414; x_wconf 70' lang='lat' dir='ltr'><strong>vertebatque</strong></span> <span class='ocrx_word' id='word_1_71' title='bbox 1241 1330 1414 1394; x_wconf 76' lang='lat' dir='ltr'><strong>boves</strong></span> <span class='ocrx_word' id='word_1_72' title='bbox 1453 1329 1689 1393; x_wconf 74' lang='lat' dir='ltr'><strong>alienos</strong></span> <span class='ocrx_word' id='word_1_73' title='bbox 1721 1352 1960 1414; x_wconf 76' lang='lat' dir='ltr'><strong>semper</strong></span> <span class='ocrx_word' id='word_1_74' title='bbox 1981 1329 2050 1391; x_wconf 80' lang='lat' dir='ltr'><strong>in</strong></span> <span class='ocrx_word' id='word_1_75' title='bbox 2080 1327 2300 1390; x_wconf 55' lang='lat' dir='ltr'><strong>ants-229.</strong></span> 
     </span>
     <span class='ocr_line' id='line_1_12' title="bbox 213 1424 2404 1516; baseline -0.001 -19"><span class='ocrx_word' id='word_1_76' title='bbox 213 1433 357 1513; x_wconf 81' lang='lat' dir='ltr'><strong>Qua</strong></span> <span class='ocrx_word' id='word_1_77' title='bbox 424 1452 492 1497; x_wconf 87' lang='lat' dir='ltr'><strong>re</strong></span> <span class='ocrx_word' id='word_1_78' title='bbox 547 1433 879 1516; x_wconf 83' lang='lat' dir='ltr'><strong>intellegas</strong></span> <span class='ocrx_word' id='word_1_79' title='bbox 947 1424 1325 1514; x_wconf 78' lang='lat' dir='ltr'><strong>scriptorem</strong></span> <span class='ocrx_word' id='word_1_80' title='bbox 1394 1435 1650 1515; x_wconf 86' lang='lat' dir='ltr'><strong>spelaea</strong></span> <span class='ocrx_word' id='word_1_81' title='bbox 1722 1453 1965 1516; x_wconf 87' lang='lat' dir='ltr'><strong>quoque</strong></span> <span class='ocrx_word' id='word_1_82' title='bbox 2033 1431 2302 1497; x_wconf 86' lang='lat' dir='ltr'><strong>Mithrae</strong></span> <span class='ocrx_word' id='word_1_83' title='bbox 2400 1426 2404 1431; x_wconf 77' lang='grc'>’</span> 
     </span>
     <span class='ocr_line' id='line_1_13' title="bbox 213 1537 1910 1621; baseline -0.002 -18"><span class='ocrx_word' id='word_1_84' title='bbox 213 1537 613 1621; x_wconf 83' lang='lat' dir='ltr'><strong>cognovisse.</strong></span> <span class='ocrx_word' id='word_1_85' title='bbox 703 1537 995 1620; x_wconf 90' lang='lat' dir='ltr'><strong>Denique</strong></span> <span class='ocrx_word' id='word_1_86' title='bbox 1039 1537 1462 1621; x_wconf 85' lang='lat' dir='ltr'><strong>investigandi</strong></span> <span class='ocrx_word' id='word_1_87' title='bbox 1511 1539 1656 1602; x_wconf 89' lang='lat' dir='ltr'><strong>sunt</strong></span> <span class='ocrx_word' id='word_1_88' title='bbox 1701 1544 1910 1602; x_wconf 74' lang='lat' dir='ltr'><strong>versus</strong></span> 
     </span>
    </p>

    <p class='ocr_par' dir='ltr' id='par_1_4' title="bbox 351 1641 1845 1729">
     <span class='ocr_line' id='line_1_14' title="bbox 351 1641 1845 1729; baseline -0.003 -23"><span class='ocrx_word' id='word_1_89' title='bbox 351 1641 631 1707; x_wconf 61' lang='lat' dir='ltr'><strong>Invictus</strong></span> <span class='ocrx_word' id='word_1_90' title='bbox 677 1642 749 1706; x_wconf 84' lang='lat' dir='ltr'><strong>de</strong></span> <span class='ocrx_word' id='word_1_91' title='bbox 780 1657 972 1729; x_wconf 74' lang='lat' dir='ltr'><strong>petra</strong></span> <span class='ocrx_word' id='word_1_92' title='bbox 1015 1656 1223 1724; x_wconf 67' lang='lat' dir='ltr'><strong>name,</strong></span> <span class='ocrx_word' id='word_1_93' title='bbox 1271 1643 1336 1705; x_wconf 76' lang='lat' dir='ltr'><strong>si</strong></span> <span class='ocrx_word' id='word_1_94' title='bbox 1373 1641 1523 1706; x_wconf 77' lang='lat' dir='ltr'><strong>deus</strong></span> <span class='ocrx_word' id='word_1_95' title='bbox 1567 1642 1845 1722; x_wconf 73' lang='lat' dir='ltr'><strong>habetur,</strong></span> 
     </span>
    </p>

    <p class='ocr_par' dir='ltr' id='par_1_5' title="bbox 312 1745 1907 1833">
     <span class='ocr_line' id='line_1_15' title="bbox 312 1745 1907 1833; baseline 0 -24"><span class='ocrx_word' id='word_1_96' title='bbox 312 1762 315 1765; x_wconf 75' lang='grc'><em>’</em></span> <span class='ocrx_word' id='word_1_97' title='bbox 350 1746 537 1810; x_wconf 76' lang='lat' dir='ltr'><strong>Nune</strong></span> <span class='ocrx_word' id='word_1_98' title='bbox 581 1770 723 1833; x_wconf 65' lang='lat' dir='ltr'><strong>erqo</strong></span> <span class='ocrx_word' id='word_1_99' title='bbox 766 1759 933 1810; x_wconf 76' lang='lat' dir='ltr'><strong>retro</strong></span> <span class='ocrx_word' id='word_1_100' title='bbox 978 1768 1086 1811; x_wconf 74' lang='lat' dir='ltr'><strong>vos</strong></span> <span class='ocrx_word' id='word_1_101' title='bbox 1129 1745 1203 1810; x_wconf 83' lang='lat' dir='ltr'><strong>de</strong></span> <span class='ocrx_word' id='word_1_102' title='bbox 1247 1746 1385 1809; x_wconf 74' lang='lat' dir='ltr'><strong>istis</strong></span> <span class='ocrx_word' id='word_1_103' title='bbox 1431 1745 1572 1810; x_wconf 72' lang='lat' dir='ltr'><strong>date</strong></span> <span class='ocrx_word' id='word_1_104' title='bbox 1609 1745 1907 1832; x_wconf 78' lang='lat' dir='ltr'><strong>priorem.</strong></span> 
     </span>
    </p>

    <p class='ocr_par' dir='ltr' id='par_1_6' title="bbox 217 1849 2304 2665">
     <span class='ocr_line' id='line_1_16' title="bbox 369 1849 2124 1935; baseline -0.001 -23"><span class='ocrx_word' id='word_1_105' title='bbox 369 1850 532 1913; x_wconf 72' lang='lat' dir='ltr'><strong>Vicit</strong></span> <span class='ocrx_word' id='word_1_106' title='bbox 560 1861 749 1935; x_wconf 75' lang='lat' dir='ltr'><strong>petra</strong></span> <span class='ocrx_word' id='word_1_107' title='bbox 795 1849 993 1933; x_wconf 83' lang='lat' dir='ltr'><strong>deum,</strong></span> <span class='ocrx_word' id='word_1_108' title='bbox 1043 1849 1434 1935; x_wconf 74' lang='lat' dir='ltr'><strong>quaerendus</strong></span> <span class='ocrx_word' id='word_1_109' title='bbox 1482 1864 1571 1913; x_wconf 76' lang='lat' dir='ltr'><strong>est</strong></span> <span class='ocrx_word' id='word_1_110' title='bbox 1601 1862 1823 1935; x_wconf 78' lang='lat' dir='ltr'><strong>petrae</strong></span> <span class='ocrx_word' id='word_1_111' title='bbox 1867 1862 2124 1913; x_wconf 76' lang='lat' dir='ltr'><strong>creator.</strong></span> 
     </span>
     <span class='ocr_line' id='line_1_17' title="bbox 218 1952 2303 2037; baseline 0 -20"><span class='ocrx_word' id='word_1_112' title='bbox 218 1953 458 2033; x_wconf 77' lang='lat' dir='ltr'><strong>Quibus</strong></span> <span class='ocrx_word' id='word_1_113' title='bbox 502 1954 728 2032; x_wconf 83' lang='lat' dir='ltr'><strong>verbis,</strong></span> <span class='ocrx_word' id='word_1_114' title='bbox 776 1974 917 2018; x_wconf 91' lang='lat' dir='ltr'><strong>cum</strong></span> <span class='ocrx_word' id='word_1_115' title='bbox 943 1955 1094 2036; x_wconf 89' lang='lat' dir='ltr'><strong>quin</strong></span> <span class='ocrx_word' id='word_1_116' title='bbox 1124 1954 1484 2037; x_wconf 87' lang='lat' dir='ltr'><strong>genituram</strong></span> <span class='ocrx_word' id='word_1_117' title='bbox 1531 1954 1651 2019; x_wconf 92' lang='lat' dir='ltr'><strong>Dei</strong></span> <span class='ocrx_word' id='word_1_118' title='bbox 1683 1952 1956 2017; x_wconf 87' lang='lat' dir='ltr'><strong>Mithrae</strong></span> <span class='ocrx_word' id='word_1_119' title='bbox 2004 1971 2076 2016; x_wconf 84' lang='lat' dir='ltr'><strong>ex</strong></span> <span class='ocrx_word' id='word_1_120' title='bbox 2123 1954 2303 2035; x_wconf 86' lang='lat' dir='ltr'><strong>petra</strong></span> 
     </span>
     <span class='ocr_line' id='line_1_18' title="bbox 219 2056 2303 2139; baseline -0.002 -16"><span class='ocrx_word' id='word_1_121' title='bbox 219 2058 433 2123; x_wconf 78' lang='lat' dir='ltr'><strong>cultui</strong></span> <span class='ocrx_word' id='word_1_122' title='bbox 469 2057 711 2123; x_wconf 87' lang='lat' dir='ltr'><strong>initiati</strong></span> <span class='ocrx_word' id='word_1_123' title='bbox 740 2120 743 2123; x_wconf 77' lang='grc'><strong><em>,</em></strong></span> <span class='ocrx_word' id='word_1_124' title='bbox 768 2058 1155 2124; x_wconf 90' lang='lat' dir='ltr'><strong>crediderint</strong></span> <span class='ocrx_word' id='word_1_125' title='bbox 1203 2058 1458 2123; x_wconf 90' lang='lat' dir='ltr'><strong>dubium</strong></span> <span class='ocrx_word' id='word_1_126' title='bbox 1506 2077 1634 2122; x_wconf 89' lang='lat' dir='ltr'><strong>non</strong></span> <span class='ocrx_word' id='word_1_127' title='bbox 1673 2058 1792 2136; x_wconf 87' lang='lat' dir='ltr'><strong>sit,</strong></span> <span class='ocrx_word' id='word_1_128' title='bbox 1855 2076 2083 2122; x_wconf 83' lang='lat' dir='ltr'><strong>novum</strong></span> <span class='ocrx_word' id='word_1_129' title='bbox 2131 2056 2303 2139; x_wconf 91' lang='lat' dir='ltr'><strong>peri-</strong></span> 
     </span>
     <span class='ocr_line' id='line_1_19' title="bbox 217 2161 2304 2252; baseline -0.001 -26"><span class='ocrx_word' id='word_1_130' title='bbox 217 2161 541 2226; x_wconf 87' lang='lat' dir='ltr'><strong>tissimum</strong></span> <span class='ocrx_word' id='word_1_131' title='bbox 611 2163 1087 2252; x_wconf 12' lang='lat' dir='ltr'><strong>Mithriacorubm</strong></span> <span class='ocrx_word' id='word_1_132' title='bbox 1173 2163 1365 2228; x_wconf 87' lang='lat' dir='ltr'><strong>fuisse</strong></span> <span class='ocrx_word' id='word_1_133' title='bbox 1443 2162 1962 2228; x_wconf 85' lang='lat' dir='ltr'><strong>Commodianum</strong></span> <span class='ocrx_word' id='word_1_134' title='bbox 2049 2161 2304 2226; x_wconf 86' lang='lat' dir='ltr'><strong>affertur</strong></span> 
     </span>
     <span class='ocr_line' id='line_1_20' title="bbox 220 2264 2302 2351; baseline -0.002 -20"><span class='ocrx_word' id='word_1_135' title='bbox 220 2268 686 2348; x_wconf 85' lang='lat' dir='ltr'><strong>argumentum.</strong></span> <span class='ocrx_word' id='word_1_136' title='bbox 777 2267 1016 2334; x_wconf 85' lang='lat' dir='ltr'><strong>Tamen</strong></span> <span class='ocrx_word' id='word_1_137' title='bbox 1077 2286 1221 2332; x_wconf 91' lang='lat' dir='ltr'><strong>eum</strong></span> <span class='ocrx_word' id='word_1_138' title='bbox 1279 2268 1484 2351; x_wconf 88' lang='lat' dir='ltr'><strong>ipsum</strong></span> <span class='ocrx_word' id='word_1_139' title='bbox 1535 2268 1838 2332; x_wconf 89' lang='lat' dir='ltr'><strong>cultorem</strong></span> <span class='ocrx_word' id='word_1_140' title='bbox 1886 2266 2006 2331; x_wconf 89' lang='lat' dir='ltr'><strong>Dei</strong></span> <span class='ocrx_word' id='word_1_141' title='bbox 2064 2264 2302 2330; x_wconf 84' lang='lat' dir='ltr'><strong>Jnvicti</strong></span> 
     </span>
     <span class='ocr_line' id='line_1_21' title="bbox 220 2368 2301 2455; baseline -0.001 -20"><span class='ocrx_word' id='word_1_142' title='bbox 220 2370 414 2437; x_wconf 77' lang='lat' dir='ltr'><strong>fuisse</strong></span> <span class='ocrx_word' id='word_1_143' title='bbox 473 2370 707 2437; x_wconf 90' lang='lat' dir='ltr'><strong>tradita</strong></span> <span class='ocrx_word' id='word_1_144' title='bbox 765 2373 998 2438; x_wconf 90' lang='lat' dir='ltr'><strong>rectius</strong></span> <span class='ocrx_word' id='word_1_145' title='bbox 1051 2373 1398 2455; x_wconf 43' lang='lat' dir='ltr'><strong>*inquirens</strong></span> <span class='ocrx_word' id='word_1_146' title='bbox 1461 2372 1724 2439; x_wconf 90' lang='lat' dir='ltr'><strong>minime</strong></span> <span class='ocrx_word' id='word_1_147' title='bbox 1785 2371 2021 2437; x_wconf 77' lang='lat' dir='ltr'><strong>credaS.</strong></span> <span class='ocrx_word' id='word_1_148' title='bbox 2095 2368 2301 2450; x_wconf 68' lang='lat' dir='ltr'><strong>‘Quae</strong></span> 
     </span>
     <span class='ocr_line' id='line_1_22' title="bbox 222 2474 2304 2560; baseline -0.001 -20"><span class='ocrx_word' id='word_1_149' title='bbox 222 2496 365 2541; x_wconf 89' lang='lat' dir='ltr'><strong>cum</strong></span> <span class='ocrx_word' id='word_1_150' title='bbox 408 2474 503 2541; x_wconf 89' lang='lat' dir='ltr'><strong>ita</strong></span> <span class='ocrx_word' id='word_1_151' title='bbox 535 2477 681 2556; x_wconf 85' lang='lat' dir='ltr'><strong>sint,</strong></span> <span class='ocrx_word' id='word_1_152' title='bbox 728 2478 1068 2560; x_wconf 78' lang='lat' dir='ltr'><strong>intellegas</strong></span> <span class='ocrx_word' id='word_1_153' title='bbox 1112 2477 1240 2542; x_wconf 88' lang='lat' dir='ltr'><strong>iam</strong></span> <span class='ocrx_word' id='word_1_154' title='bbox 1271 2477 1380 2542; x_wconf 94' lang='lat' dir='ltr'><strong>illo</strong></span> <span class='ocrx_word' id='word_1_155' title='bbox 1421 2480 1709 2559; x_wconf 88' lang='lat' dir='ltr'><strong>tempore</strong></span> <span class='ocrx_word' id='word_1_156' title='bbox 1757 2495 1984 2541; x_wconf 88' lang='lat' dir='ltr'><strong>arcana</strong></span> <span class='ocrx_word' id='word_1_157' title='bbox 2011 2475 2304 2540; x_wconf 89' lang='lat' dir='ltr'><strong>Mithria-</strong></span> 
     </span>
     <span class='ocr_line' id='line_1_23' title="bbox 222 2581 1250 2665; baseline 0.002 -18"><span class='ocrx_word' id='word_1_158' title='bbox 222 2600 436 2647; x_wconf 85' lang='lat' dir='ltr'><strong>eorum</strong></span> <span class='ocrx_word' id='word_1_159' title='bbox 483 2582 696 2664; x_wconf 90' lang='lat' dir='ltr'><strong>palam</strong></span> <span class='ocrx_word' id='word_1_160' title='bbox 742 2581 929 2646; x_wconf 83' lang='lat' dir='ltr'><strong>fuisse</strong></span> <span class='ocrx_word' id='word_1_161' title='bbox 977 2583 1250 2665; x_wconf 77' lang='lat' dir='ltr'><strong>cognita.</strong></span> 
     </span>
    </p>
   </div>
   <div class='ocr_carea' id='block_1_4' title="bbox 218 2770 2785 4103">
    <p class='ocr_par' dir='ltr' id='par_1_7' title="bbox 221 2770 2785 3478">
     <span class='ocr_line' id='line_1_24' title="bbox 396 2770 2785 2858; baseline 0.003 -21"><span class='ocrx_word' id='word_1_162' title='bbox 396 2773 543 2837; x_wconf 86' lang='lat' dir='ltr'><strong>Jam</strong></span> <span class='ocrx_word' id='word_1_163' title='bbox 589 2770 978 2853; x_wconf 88' lang='lat' dir='ltr'><strong>inquiramus</strong></span> <span class='ocrx_word' id='word_1_164' title='bbox 1046 2772 1111 2836; x_wconf 92' lang='lat' dir='ltr'><strong>in</strong></span> <span class='ocrx_word' id='word_1_165' title='bbox 1159 2791 1253 2850; x_wconf 88' lang='lat' dir='ltr'><strong>ea,</strong></span> <span class='ocrx_word' id='word_1_166' title='bbox 1303 2791 1462 2854; x_wconf 89' lang='lat' dir='ltr'><strong>quae</strong></span> <span class='ocrx_word' id='word_1_167' title='bbox 1509 2770 1894 2855; x_wconf 86' lang='lat' dir='ltr'><strong>Porphyrius</strong></span> <span class='ocrx_word' id='word_1_168' title='bbox 1943 2773 2026 2836; x_wconf 90' lang='lat' dir='ltr'><strong>de</strong></span> <span class='ocrx_word' id='word_1_169' title='bbox 2062 2770 2310 2838; x_wconf 77' lang='lat' dir='ltr'><strong>Mithra</strong></span> <span class='ocrx_word' id='word_1_170' title='bbox 2373 2790 2447 2845; x_wconf 84' lang='lat' dir='ltr'><strong>xv</strong></span> <span class='ocrx_word' id='word_1_171' title='bbox 2495 2788 2785 2858; x_wconf 84' lang='lat' dir='ltr'><strong>1.Porphy-</strong></span> 
     </span>
     <span class='ocr_line' id='line_1_25' title="bbox 221 2859 2645 2958; baseline -0 -18"><span class='ocrx_word' id='word_1_172' title='bbox 221 2876 437 2942; x_wconf 82' lang='lat' dir='ltr'><strong>tradit.</strong></span> <span class='ocrx_word' id='word_1_173' title='bbox 541 2874 636 2939; x_wconf 91' lang='lat' dir='ltr'><strong>Ac</strong></span> <span class='ocrx_word' id='word_1_174' title='bbox 713 2863 992 2956; x_wconf 90' lang='lat' dir='ltr'><strong>primum</strong></span> <span class='ocrx_word' id='word_1_175' title='bbox 1058 2875 1312 2958; x_wconf 91' lang='lat' dir='ltr'><strong>quidem</strong></span> <span class='ocrx_word' id='word_1_176' title='bbox 1393 2876 1668 2939; x_wconf 91' lang='lat' dir='ltr'><strong>testatur</strong></span> <span class='ocrx_word' id='word_1_177' title='bbox 1746 2876 1900 2941; x_wconf 91' lang='lat' dir='ltr'><strong>duos</strong></span> <span class='ocrx_word' id='word_1_178' title='bbox 1966 2875 2301 2958; x_wconf 88' lang='lat' dir='ltr'><strong>scriptores</strong></span> <span class='ocrx_word' id='word_1_179' title='bbox 2524 2859 2645 2912; x_wconf 63' lang='lat'><strong>‘³¹¹³-</strong></span> 
     </span>
     <span class='ocr_line' id='line_1_26' title="bbox 221 2978 2301 3062; baseline 0 -21"><span class='ocrx_word' id='word_1_180' title='bbox 221 2978 350 3042; x_wconf 91' lang='lat' dir='ltr'><strong>iam</strong></span> <span class='ocrx_word' id='word_1_181' title='bbox 396 2998 505 3043; x_wconf 90' lang='lat' dir='ltr'><strong>suo</strong></span> <span class='ocrx_word' id='word_1_182' title='bbox 550 2981 837 3060; x_wconf 89' lang='lat' dir='ltr'><strong>tempore</strong></span> <span class='ocrx_word' id='word_1_183' title='bbox 888 2980 963 3054; x_wconf 84' lang='lat' dir='ltr'><strong>de</strong></span> <span class='ocrx_word' id='word_1_184' title='bbox 1010 2980 1132 3046; x_wconf 90' lang='lat' dir='ltr'><strong>Dei</strong></span> <span class='ocrx_word' id='word_1_185' title='bbox 1179 2979 1345 3044; x_wconf 87' lang='lat' dir='ltr'><strong>Solis</strong></span> <span class='ocrx_word' id='word_1_186' title='bbox 1406 2979 1579 3043; x_wconf 90' lang='lat' dir='ltr'><strong>cultu</strong></span> <span class='ocrx_word' id='word_1_187' title='bbox 1627 2979 1850 3062; x_wconf 88' lang='lat' dir='ltr'><strong>egisse.</strong></span> <span class='ocrx_word' id='word_1_188' title='bbox 1928 2978 2082 3044; x_wconf 85' lang='lat' dir='ltr'><strong>Cum</strong></span> <span class='ocrx_word' id='word_1_189' title='bbox 2130 2979 2301 3042; x_wconf 91' lang='lat' dir='ltr'><strong>enim</strong></span> 
     </span>
     <span class='ocr_line' id='line_1_27' title="bbox 225 3083 2308 3166; baseline 0.001 -19"><span class='ocrx_word' id='word_1_190' title='bbox 225 3083 300 3156; x_wconf 93' lang='lat' dir='ltr'><strong>de</strong></span> <span class='ocrx_word' id='word_1_191' title='bbox 360 3083 670 3148; x_wconf 83' lang='lat' dir='ltr'><strong>divisione</strong></span> <span class='ocrx_word' id='word_1_192' title='bbox 728 3101 1058 3166; x_wconf 88' lang='lat' dir='ltr'><strong>magorum</strong></span> <span class='ocrx_word' id='word_1_193' title='bbox 1111 3085 1179 3148; x_wconf 94' lang='lat' dir='ltr'><strong>in</strong></span> <span class='ocrx_word' id='word_1_194' title='bbox 1233 3085 1365 3148; x_wconf 90' lang='lat' dir='ltr'><strong>tres</strong></span> <span class='ocrx_word' id='word_1_195' title='bbox 1429 3084 1647 3165; x_wconf 88' lang='lat' dir='ltr'><strong>partes</strong></span> <span class='ocrx_word' id='word_1_196' title='bbox 1707 3084 1875 3164; x_wconf 85' lang='lat' dir='ltr'><strong>agat,</strong></span> <span class='ocrx_word' id='word_1_197' title='bbox 1945 3084 2160 3147; x_wconf 89' lang='lat' dir='ltr'><strong>narrat</strong></span> <span class='ocrx_word' id='word_1_198' title='bbox 2212 3083 2308 3161; x_wconf 75' lang='grc' dir='ltr'><strong>ὠς.</strong></span> 
     </span>
     <span class='ocr_line' id='line_1_28' title="bbox 224 3185 2303 3278; baseline -0.001 -23"><span class='ocrx_word' id='word_1_199' title='bbox 224 3189 427 3277; x_wconf 80' lang='grc' dir='ltr'><em>φησὶν</em></span> <span class='ocrx_word' id='word_1_200' title='bbox 492 3188 830 3273; x_wconf 72' lang='grc' dir='ltr'><strong><em>Εὔβουλος</em></strong></span> <span class='ocrx_word' id='word_1_201' title='bbox 889 3188 924 3256; x_wconf 85' lang='grc' dir='ltr'>ὁ</span> <span class='ocrx_word' id='word_1_202' title='bbox 996 3189 1151 3278; x_wconf 77' lang='grc' dir='ltr'><strong><em>περὶ</em></strong></span> <span class='ocrx_word' id='word_1_203' title='bbox 1225 3189 1338 3278; x_wconf 69' lang='grc' dir='ltr'><strong>τήν</strong></span> <span class='ocrx_word' id='word_1_204' title='bbox 1375 3196 1513 3253; x_wconf 74' lang='grc' dir='ltr'><strong>,τοῦ</strong></span> <span class='ocrx_word' id='word_1_205' title='bbox 1572 3186 1819 3277; x_wconf 66' lang='grc' dir='ltr'><strong><em>Μίθρα</em></strong></span> <span class='ocrx_word' id='word_1_206' title='bbox 1890 3186 2179 3277; x_wconf 56' lang='grc' dir='ltr'><strong>ἱστορίαν</strong></span> <span class='ocrx_word' id='word_1_207' title='bbox 2234 3185 2303 3252; x_wconf 77' lang='grc' dir='ltr'><strong>ἐν</strong></span> 
     </span>
     <span class='ocr_line' id='line_1_29' title="bbox 222 3289 2302 3383; baseline -0 -25"><span class='ocrx_word' id='word_1_208' title='bbox 222 3293 488 3371; x_wconf 71' lang='grc' dir='ltr'><em>πολλοῖς</em></span> <span class='ocrx_word' id='word_1_209' title='bbox 553 3292 839 3377; x_wconf 80' lang='grc' dir='ltr'><strong><em>βιβλίοις</em></strong></span> <span class='ocrx_word' id='word_1_210' title='bbox 897 3289 1293 3383; x_wconf 76' lang='grc' dir='ltr'><em>α’ναγράψας</em></span> <span class='ocrx_word' id='word_1_211' title='bbox 1322 3291 1393 3375; x_wconf 86' lang='grc'><strong>1).</strong></span> <span class='ocrx_word' id='word_1_212' title='bbox 1482 3290 1782 3371; x_wconf 81' lang='lat' dir='ltr'><strong>Quamvis</strong></span> <span class='ocrx_word' id='word_1_213' title='bbox 1857 3290 1959 3356; x_wconf 90' lang='lat' dir='ltr'><strong>his</strong></span> <span class='ocrx_word' id='word_1_214' title='bbox 2029 3290 2302 3374; x_wconf 75' lang='lat' dir='ltr'><strong>cognitis</strong></span> 
     </span>
     <span class='ocr_line' id='line_1_30' title="bbox 222 3394 2307 3478; baseline 0 -19"><span class='ocrx_word' id='word_1_215' title='bbox 222 3395 289 3459; x_wconf 91' lang='lat' dir='ltr'><strong>id</strong></span> <span class='ocrx_word' id='word_1_216' title='bbox 334 3396 583 3460; x_wconf 87' lang='lat' dir='ltr'><strong>tantum</strong></span> <span class='ocrx_word' id='word_1_217' title='bbox 628 3415 741 3478; x_wconf 92' lang='lat' dir='ltr'><strong>pro</strong></span> <span class='ocrx_word' id='word_1_218' title='bbox 790 3398 961 3461; x_wconf 88' lang='lat' dir='ltr'><strong>certo</strong></span> <span class='ocrx_word' id='word_1_219' title='bbox 1007 3395 1366 3461; x_wconf 90' lang='lat' dir='ltr'><strong>habendum</strong></span> <span class='ocrx_word' id='word_1_220' title='bbox 1437 3396 1525 3461; x_wconf 88' lang='lat' dir='ltr'><strong>sit</strong></span> <span class='ocrx_word' id='word_1_221' title='bbox 1566 3394 1746 3459; x_wconf 91' lang='lat' dir='ltr'><strong>libris</strong></span> <span class='ocrx_word' id='word_1_222' title='bbox 1791 3395 1925 3459; x_wconf 90' lang='lat' dir='ltr'><strong>illis</strong></span> <span class='ocrx_word' id='word_1_223' title='bbox 1968 3397 2307 3460; x_wconf 89' lang='lat' dir='ltr'><strong>Persarum·</strong></span> 
     </span>
    </p>

    <p class='ocr_par' dir='ltr' id='par_1_8' title="bbox 218 3499 2307 4103">
     <span class='ocr_line' id='line_1_31' title="bbox 218 3499 2299 3583; baseline 0 -18"><span class='ocrx_word' id='word_1_224' title='bbox 218 3499 492 3565; x_wconf 88' lang='lat' dir='ltr'><strong>Mithrae</strong></span> <span class='ocrx_word' id='word_1_225' title='bbox 549 3500 811 3565; x_wconf 87' lang='lat' dir='ltr'><strong>cultum</strong></span> <span class='ocrx_word' id='word_1_226' title='bbox 844 3500 1232 3583; x_wconf 86' lang='lat' dir='ltr'><strong>descriptum</strong></span> <span class='ocrx_word' id='word_1_227' title='bbox 1300 3499 1513 3577; x_wconf 86' lang='lat' dir='ltr'><strong>fuisse,</strong></span> <span class='ocrx_word' id='word_1_228' title='bbox 1575 3500 1793 3564; x_wconf 91' lang='lat' dir='ltr'><strong>tamen</strong></span> <span class='ocrx_word' id='word_1_229' title='bbox 1863 3500 2105 3582; x_wconf 91' lang='lat' dir='ltr'><strong>optimo</strong></span> <span class='ocrx_word' id='word_1_230' title='bbox 2168 3499 2299 3565; x_wconf 91' lang='lat' dir='ltr'><strong>iure</strong></span> 
     </span>
     <span class='ocr_line' id='line_1_32' title="bbox 223 3603 2307 3687; baseline -0 -20"><span class='ocrx_word' id='word_1_231' title='bbox 223 3604 440 3672; x_wconf 78' lang='lat' dir='ltr'><strong>credas</strong></span> <span class='ocrx_word' id='word_1_232' title='bbox 505 3605 925 3669; x_wconf 88' lang='lat' dir='ltr'><strong>Romanorum</strong></span> <span class='ocrx_word' id='word_1_233' title='bbox 1007 3622 1251 3687; x_wconf 87' lang='lat' dir='ltr'><strong>quoque</strong></span> <span class='ocrx_word' id='word_1_234' title='bbox 1329 3603 1671 3669; x_wconf 89' lang='lat' dir='ltr'><strong>Mithriaca</strong></span> <span class='ocrx_word' id='word_1_235' title='bbox 1750 3603 2123 3685; x_wconf 90' lang='lat' dir='ltr'><strong>scriptorem</strong></span> <span class='ocrx_word' id='word_1_236' title='bbox 2197 3621 2307 3666; x_wconf 86' lang='lat' dir='ltr'><strong>ex-</strong></span> 
     </span>
     <span class='ocr_line' id='line_1_33' title="bbox 221 3706 2306 3791; baseline -0.002 -17"><span class='ocrx_word' id='word_1_237' title='bbox 221 3708 526 3791; x_wconf 71' lang='lat' dir='ltr'><strong>posuisse·</strong></span> <span class='ocrx_word' id='word_1_238' title='bbox 617 3706 770 3787; x_wconf 81' lang='lat' dir='ltr'><strong>Quis</strong></span> <span class='ocrx_word' id='word_1_239' title='bbox 818 3710 1032 3773; x_wconf 89' lang='lat' dir='ltr'><strong>autem</strong></span> <span class='ocrx_word' id='word_1_240' title='bbox 1078 3707 1269 3772; x_wconf 87' lang='lat' dir='ltr'><strong>fuerit</strong></span> <span class='ocrx_word' id='word_1_241' title='bbox 1311 3708 1592 3773; x_wconf 84' lang='lat' dir='ltr'><strong>Eubulus</strong></span> <span class='ocrx_word' id='word_1_242' title='bbox 1638 3707 1748 3781; x_wconf 86' lang='grc'>1110</span> <span class='ocrx_word' id='word_1_243' title='bbox 1820 3707 2015 3772; x_wconf 86' lang='lat' dir='ltr'><strong>statui</strong></span> <span class='ocrx_word' id='word_1_244' title='bbox 2062 3706 2306 3790; x_wconf 79' lang='lat' dir='ltr'><strong>nequit,</strong></span> 
     </span>
     <span class='ocr_line' id='line_1_34' title="bbox 223 3810 2304 3893; baseline 0.002 -18"><span class='ocrx_word' id='word_1_245' title='bbox 223 3811 349 3876; x_wconf 90' lang='lat' dir='ltr'><strong>nisi</strong></span> <span class='ocrx_word' id='word_1_246' title='bbox 395 3811 818 3877; x_wconf 87' lang='lat' dir='ltr'><strong>coniecturam</strong></span> <span class='ocrx_word' id='word_1_247' title='bbox 849 3813 912 3879; x_wconf 84' lang='lat' dir='ltr'><strong>C.</strong></span> <span class='ocrx_word' id='word_1_248' title='bbox 944 3810 1200 3877; x_wconf 77' lang='lat' dir='ltr'><strong>Mfilleri</strong></span> <span class='ocrx_word' id='word_1_249' title='bbox 1247 3832 1304 3877; x_wconf 87' lang='lat' dir='ltr'><strong>v.</strong></span> <span class='ocrx_word' id='word_1_250' title='bbox 1341 3812 1398 3877; x_wconf 84' lang='lat' dir='ltr'><strong>d.</strong></span> <span class='ocrx_word' id='word_1_251' title='bbox 1443 3811 1742 3890; x_wconf 87' lang='lat' dir='ltr'><strong>„Bolum“</strong></span> <span class='ocrx_word' id='word_1_252' title='bbox 1784 3827 1917 3877; x_wconf 85' lang='lat' dir='ltr'><strong>esse</strong></span> <span class='ocrx_word' id='word_1_253' title='bbox 1962 3810 2304 3893; x_wconf 86' lang='lat' dir='ltr'><strong>legendum</strong></span> 
     </span>
     <span class='ocr_line' id='line_1_35' title="bbox 222 3912 2304 3999; baseline -0.001 -22"><span class='ocrx_word' id='word_1_254' title='bbox 222 3931 337 3998; x_wconf 90' lang='lat' dir='ltr'><strong>pro</strong></span> <span class='ocrx_word' id='word_1_255' title='bbox 367 3915 559 3980; x_wconf 84' lang='lat' dir='ltr'><strong>verbo</strong></span> <span class='ocrx_word' id='word_1_256' title='bbox 591 3917 924 3999; x_wconf 76' lang='grc' dir='ltr'><em>Εὔβουλος</em></span> <span class='ocrx_word' id='word_1_257' title='bbox 954 3916 1234 3999; x_wconf 89' lang='lat' dir='ltr'><strong>sequaris</strong></span> <span class='ocrx_word' id='word_1_258' title='bbox 1255 3915 1331 3999; x_wconf 78' lang='grc'><strong>2).</strong></span> <span class='ocrx_word' id='word_1_259' title='bbox 1371 3914 1684 3997; x_wconf 85' lang='lat' dir='ltr'><strong>Equidem</strong></span> <span class='ocrx_word' id='word_1_260' title='bbox 1721 3913 1893 3979; x_wconf 87' lang='lat' dir='ltr'><strong>illius</strong></span> <span class='ocrx_word' id='word_1_261' title='bbox 1927 3912 2304 3987; x_wconf 85' lang='lat' dir='ltr'><strong>sententiam</strong></span> 
     </span>
     <span class='ocr_line' id='line_1_36' title="bbox 220 4017 2301 4103; baseline -0.001 -18"><span class='ocrx_word' id='word_1_262' title='bbox 220 4021 291 4085; x_wconf 87' lang='lat' dir='ltr'><strong>ut</strong></span> <span class='ocrx_word' id='word_1_263' title='bbox 317 4019 511 4083; x_wconf 87' lang='lat' dir='ltr'><strong>nullis</strong></span> <span class='ocrx_word' id='word_1_264' title='bbox 542 4019 809 4103; x_wconf 82' lang='lat' dir='ltr'><strong>integris</strong></span> <span class='ocrx_word' id='word_1_265' title='bbox 841 4020 1046 4084; x_wconf 88' lang='lat' dir='ltr'><strong>causis</strong></span> <span class='ocrx_word' id='word_1_266' title='bbox 1080 4020 1512 4085; x_wconf 87' lang='lat' dir='ltr'><strong>confirmatam</strong></span> <span class='ocrx_word' id='word_1_267' title='bbox 1545 4017 1943 4083; x_wconf 88' lang='lat' dir='ltr'><strong>refutandam</strong></span> <span class='ocrx_word' id='word_1_268' title='bbox 1970 4036 2104 4082; x_wconf 90' lang='lat' dir='ltr'><strong>esse</strong></span> <span class='ocrx_word' id='word_1_269' title='bbox 2129 4018 2301 4097; x_wconf 87' lang='lat' dir='ltr'><strong>puto.</strong></span> 
     </span>
    </p>
   </div>
   <div class='ocr_carea' id='block_1_5' title="bbox 222 4144 641 4153">
    <p class='ocr_par' dir='ltr' id='par_1_9' title="bbox 222 4144 641 4153">
     <span class='ocr_line' id='line_1_37' title="bbox 222 4144 641 4153; baseline 0 649"><span class='ocrx_word' id='word_1_270' title='bbox 222 4144 641 4153; x_wconf 95' lang='lat' dir='ltr'><strong> </strong></span> 
     </span>
    </p>
   </div>
   <div class='ocr_carea' id='block_1_6' title="bbox 359 4167 2302 4346">
    <p class='ocr_par' dir='ltr' id='par_1_10' title="bbox 359 4167 2302 4346">
     <span class='ocr_line' id='line_1_38' title="bbox 366 4167 2302 4259; baseline -0.002 -16"><span class='ocrx_word' id='word_1_271' title='bbox 366 4190 405 4258; x_wconf 83' lang='lat'><strong>¹)</strong></span> <span class='ocrx_word' id='word_1_272' title='bbox 430 4184 526 4244; x_wconf 86' lang='lat' dir='ltr'><strong>ed.</strong></span> <span class='ocrx_word' id='word_1_273' title='bbox 552 4189 616 4246; x_wconf 88' lang='lat' dir='ltr'><strong>A.</strong></span> <span class='ocrx_word' id='word_1_274' title='bbox 642 4168 831 4245; x_wconf 85' lang='lat' dir='ltr'><strong>Nauck</strong></span> <span class='ocrx_word' id='word_1_275' title='bbox 857 4193 976 4255; x_wconf 89' lang='lat'><strong>177,</strong></span> <span class='ocrx_word' id='word_1_276' title='bbox 1016 4193 1078 4243; x_wconf 90' lang='grc'><strong>19</strong></span> <span class='ocrx_word' id='word_1_277' title='bbox 1094 4193 1218 4243; x_wconf 85' lang='grc'>-20</span> <span class='ocrx_word' id='word_1_278' title='bbox 1250 4190 1329 4245; x_wconf 88' lang='lat' dir='ltr'><strong>De</strong></span> <span class='ocrx_word' id='word_1_279' title='bbox 1351 4185 1550 4246; x_wconf 52' lang='lat' dir='ltr'><strong>&#39;abstinss</strong></span> <span class='ocrx_word' id='word_1_280' title='bbox 1578 4190 1652 4245; x_wconf 86' lang='lat' dir='ltr'><strong>lv</strong></span> <span class='ocrx_word' id='word_1_281' title='bbox 1682 4191 1759 4241; x_wconf 82' lang='lat'><strong>16.</strong></span> <span class='ocrx_word' id='word_1_282' title='bbox 1788 4167 2004 4259; x_wconf 87' lang='lat' dir='ltr'><strong>Lipsiae</strong></span> <span class='ocrx_word' id='word_1_283' title='bbox 2035 4190 2180 4244; x_wconf 83' lang='lat'><strong>1860.</strong></span> <span class='ocrx_word' id='word_1_284' title='bbox 2219 4185 2302 4240; x_wconf 81' lang='lat'><strong>8⁰.</strong></span> 
     </span>
     <span class='ocr_line' id='line_1_39' title="bbox 359 4275 2300 4346; baseline -0.001 -14"><span class='ocrx_word' id='word_1_285' title='bbox 359 4276 403 4345; x_wconf 69' lang='grc'><strong>2)</strong></span> <span class='ocrx_word' id='word_1_286' title='bbox 441 4276 498 4332; x_wconf 85' lang='lat' dir='ltr'><strong>C.</strong></span> <span class='ocrx_word' id='word_1_287' title='bbox 535 4277 747 4343; x_wconf 81' lang='lat' dir='ltr'><strong>Miiller,</strong></span> <span class='ocrx_word' id='word_1_288' title='bbox 784 4277 999 4345; x_wconf 81' lang='lat' dir='ltr'><strong>Fragm.</strong></span> <span class='ocrx_word' id='word_1_289' title='bbox 1036 4278 1160 4333; x_wconf 85' lang='lat' dir='ltr'><strong>hist.</strong></span> <span class='ocrx_word' id='word_1_290' title='bbox 1200 4294 1372 4346; x_wconf 86' lang='lat' dir='ltr'><strong>graec.</strong></span> <span class='ocrx_word' id='word_1_291' title='bbox 1409 4278 1464 4331; x_wconf 93' lang='lat' dir='ltr'><strong>II</strong></span> <span class='ocrx_word' id='word_1_292' title='bbox 1498 4277 1724 4333; x_wconf 81' lang='lat'><strong>25-26.</strong></span> <span class='ocrx_word' id='word_1_293' title='bbox 1762 4276 1977 4330; x_wconf 83' lang='lat' dir='ltr'><strong>Parisiis</strong></span> <span class='ocrx_word' id='word_1_294' title='bbox 2018 4275 2170 4327; x_wconf 87' lang='grc'>1848.</span> <span class='ocrx_word' id='word_1_295' title='bbox 2218 4276 2300 4330; x_wconf 87' lang='lat'><strong>4⁰.</strong></span> 
     </span>
    </p>
   </div>
  </div>
 </body>
</html>
