2925 4802
1185 296 1331 359 57.

266 490 405 571 siis
449 499 753 593 Σάραπις
795 497 982 594 ἔφυς,
1029 490 1403 591 Αἰγύπτιος
1445 500 1762 592 α’νέφελος
1807 504 1995 585 Ζεύς,

265 607 333 675 εἰ
377 607 656 698 Κρόνος,
704 607 766 675 εἰ
797 608 1082 675 Φαέθων
1124 603 1569 693 πολυώνυμος,
1618 611 1749 677 εἴτε
1794 633 1876 677 συ
1919 611 2219 700 Μίθρης,

256 713 521 790 Ἠέλιος
564 714 963 797 βαβυλιῦνος,
1007 709 1075 778 ἐν
1116 708 1373 780 Ἑλλάδι
1420 713 1683 800 Δελφὸς
1722 712 2062 781 Ἀπόλλων
2097 713 2167 794 ¹).

166 816 275 882 Ac
343 816 623 898 primum
685 815 943 900 quidem
1018 818 1263 882 constat
1341 816 1717 899 scriptorem
1780 817 1870 881 nil
1932 820 2078 884 novi
2141 818 2271 884 illis

170 920 396 986 verbis
444 919 521 984 de
568 921 754 985 rebus
797 919 1153 985 Mithriacis
1199 919 1443 985 afferre.
1493 920 1651 984 Tum
1700 940 2041 1005 cognoscas
2089 941 2273 989 voces

164 1024 451 1103 ἹΙέλιος
483 1025 892 1109 Βαβυλῶνος,
921 1021 1278 1114 Ἀσσύριος,
1303 1024 1605 1114 Πέρσιδι,
1639 1044 1789 1109 quas
1822 1045 2012 1108 supra
2036 1045 2275 1110 cogno-

169 1130 411 1206 vimus,
459 1127 724 1193 alterum
771 1129 1069 1211 praebere
1118 1131 1557 1212 argumentum
1604 1130 1899 1195 Nonnum
1955 1130 2022 1195 id
2077 1150 2271 1195 unum

173 1252 299 1316 pro
348 1233 521 1297 certo
567 1231 863 1297 habuisse
893 1231 1193 1297 Mithram
1243 1251 1279 1296 a
1322 1232 1750 1315 compluribus
1798 1233 1989 1298 Asiae
2019 1236 2273 1317 populis

174 1337 518 1403 adoratum
566 1355 719 1402 esse.

359 1548 572 1611 Pauca
603 1564 844 1631 quoque
878 1545 1178 1612 disseruit
1211 1546 1287 1611 de
1314 1546 1448 1611 Deo
1476 1546 1625 1612 Sole
1656 1545 1897 1612 Invicto
1922 1548 2271 1613 Martianus

174 1651 463 1734 Capella.
511 1649 737 1715 Versus
785 1649 954 1715 enim
1000 1648 1068 1712 hi

396 1754 568 1817 Nam
615 1753 898 1817 tenebras
935 1752 1229 1839 prohibes
1276 1755 1498 1839 reteyis
1544 1753 1708 1839 quod
1750 1756 2023 1821 caerula.
2049 1754 2203 1837 luce,

397 1857 540 1922 hinc
585 1856 895 1922 Phoebum
933 1858 1261 1944 perhibent
1296 1857 1654 1944 prodentem
1702 1859 1938 1924 occulta
1964 1858 2205 1945 futuri,

395 1963 494 2026 vel
533 1962 685 2047 quia
728 1961 1015 2027 dissolvis
1059 1977 1365 2028 nocturna
1411 1962 1713 2046 admissa,
1763 1963 2007 2027 Iseum!

178 2083 236 2132 te
285 2067 357 2151 (i.
409 2087 462 2132 e.
508 2065 744 2150 Solem)
784 2065 1055 2153 Serapin
1097 2067 1288 2131 Nilus
1321 2068 1632 2153 Memphis
1662 2081 1991 2133 veneratur
2033 2067 2270 2132 Osirim

180 2171 443 2236 dissona
488 2195 678 2234 saera
725 2172 1030 2234 Mithram
1077 2172 1403 2257 Ditemque
1433 2170 1773 2257 feramque
1824 2172 2175 2258 Typhonem
2191 2171 2264 2253 ²).

397 2275 608 2340 Verba
654 2278 884 2355 autem,
933 2295 1072 2340 cum
1119 2277 1422 2342 vocabulo
1470 2276 1723 2340 dissona
1766 2277 2036 2341 barbara
2078 2275 2268 2358 signi-

184 2383 429 2459 ficetur,
478 2380 852 2463 scriptorem
890 2380 1138 2446 tantum
1181 2381 1549 2465 cognovisse
1581 2380 1883 2447 Mithram
1920 2380 2085 2447 Solis
2131 2380 2267 2447 loco

182 2487 491 2552 barbaros
516 2484 809 2551 habuisse
834 2501 946 2549 nos
980 2486 1222 2554 docent.
1281 2485 1450 2565 Quae
1479 2504 1618 2550 cum
1644 2485 1735 2549 ita
1759 2486 1902 2563 sint,
1935 2484 2269 2567 intellegas

184 2590 574 2656 Martianum
597 2589 1008 2673 probabiliter
1037 2589 1294 2655 latuisse
1320 2591 1558 2655 cultum
1591 2588 1765 2653 illum
1792 2608 1905 2673 per
1929 2588 2268 2672 imperium

92 2759 95 2762 ,
184 2694 545 2788 Romanum
594 2710 729 2759 esse
774 2695 1208 2777 propagatum.

359 2903 458 2967 De
505 2901 837 2966 Aureliani
884 2901 1283 2984 imperatoris
1331 2905 1541 2968 autem
1589 2901 1758 2967 cultu
1787 2902 2057 2969 Mithrae
2101 2906 2270 2969 recte

187 3024 303 3072 nos
388 3005 586 3070 Flavii
667 3005 919 3089 Vopisci
993 3006 1360 3071 testimonia
1432 3006 1889 3090 investigantes
1962 3008 2269 3073 iudicasse

187 3111 469 3178 ostendit
515 3109 819 3189 Zosimus,
884 3129 1025 3174 cum
1086 3110 1255 3175 idem
1318 3109 1395 3176 de
1454 3111 1788 3197 Palmyrae
1848 3114 2086 3195 templo
2148 3115 2267 3178 Dei

187 3216 357 3281 Solis
405 3214 581 3280 illius
626 3215 801 3279 iussu
847 3215 1142 3280 restituto
1190 3233 1306 3279 nec
1346 3236 1473 3282 non
1506 3216 1938 3299 copiosissime
1972 3220 2269 3283 exornato

187 3318 319 3382 fere
353 3319 567 3382 narret
613 3319 677 3382 et
719 3319 912 3383 addat
955 3318 1367 3384 Aurelianum
1412 3323 1488 3388 τό
1533 3330 1650 3388 τοῦ
1692 3322 1916 3389 Ἡλίου
1962 3320 2269 3406 δειμάμε-

184 3448 293 3501 νος
342 3418 571 3512 ἱερόν3)
595 3421 837 3489 fecisse.
903 3423 1010 3487 Eis
1058 3442 1301 3507 quoque
1333 3425 1543 3490 verbis
1589 3423 1748 3489 mihi
1782 3425 2037 3508 quidem
2083 3424 2269 3490 intel-

186 3526 318 3608 legi
341 3544 528 3608 posse
547 3525 794 3591 videtur
821 3527 1268 3606 imperatorem
1293 3547 1538 3594 summo
1565 3546 1702 3593 cum
1730 3528 1937 3593 studio
1963 3530 2267 3594 cultorem

184 3630 380 3695 fuisse
437 3630 560 3694 Dei
607 3630 793 3698 Solis.
888 3630 1073 3696 Cuius
1136 3632 1227 3695 rei
1291 3633 1765 3715 cognoscendae
1830 3651 2016 3698 causa
2075 3633 2269 3697 liceat

186 3736 451 3800 edocere
508 3734 718 3801 Verbis
772 3736 993 3803 ‘Hhiov
1052 3760 1124 3801 τε
1177 3736 1290 3802 καὶ
1344 3735 1561 3825 Βήλου
1618 3735 2029 3827 καθιδρύσας
2072 3737 2269 3827 ἀγάλ-

182 3866 382 3925 ματα,
446 3847 587 3904 oum
634 3839 849 3904 Solem
898 3842 963 3904 et
1005 3841 1232 3905 Belum
1277 3842 1502 3907 Persas
1565 3861 1698 3907 esse
1761 3843 2089 3907 veneratos
2151 3861 2265 3924 pro

325 4029 362 4095 ¹)
398 4029 433 4081 1.
472 4044 518 4083 c.
552 4028 610 4082 ΙΙ
645 4029 931 4082 224.X1
967 4030 1261 4086 399—401.
1334 4032 1552 4102 Lipsiae
1593 4033 1741 4084 1858.
1813 4032 1886 4085 80.

323 4114 366 4182 ²)
404 4114 487 4169 ed.
513 4114 573 4172 F.
609 4114 976 4186 Eyssenhardt
1010 4118 1106 4182 48,
1144 4119 1365 4180 25—29.
1402 4119 1485 4171 De
1524 4122 1673 4187 nupt
1695 4118 1884 4188 philol.
1921 4121 1977 4171 et
2011 4118 2171 4173 Mero.
2208 4119 2266 4174 11

185 4204 300 4258 191.
373 4203 443 4254 43
482 4200 545 4256 G.
581 4202 801 4271 Lipsiae
842 4203 992 4257 1866.
1063 4206 1136 4257 8⁰.

320 4289 363 4354 ³)
401 4287 484 4342 ed.
509 4286 560 4343 J.
585 4288 643 4343 F.
670 4289 992 4344 Reitemeier
1014 4292 1236 4344 79-80.
1260 4291 1462 4346 Histor.
1490 4293 1518 4345 1
1544 4292 1629 4358 61,
1661 4295 1710 4349 4.
1747 4291 1964 4363 Lipsiae
2009 4292 2162 4392 1784.
2188 4292 2260 4343 8⁰.

2373 1555 2575 1609 XXXIII.
2609 1554 2736 1608 Mar-

2340 1626 2507 1679 tianus
2540 1623 2754 1694 Capella.

2457 2912 2642 2968 XXXIV.

2425 2982 2667 3037 Zosimus.
