2925 4802
225 4125 275 4180 L.
292 4123 464 4196 p.xcv
506 4128 551 4191 1,
589 4127 636 4177 2.

1686 253 1810 319 100

710 464 1135 541 ostenderent,
1184 481 1414 545 magna
1444 462 1707 527 flumina
1745 465 1924 527 erant
1959 464 2354 528 tranatanda.
2403 464 2560 527 Tum
2595 464 2769 528 habes

710 567 1161 650 militem‚·qui
1209 584 1427 630 manus
1474 565 1608 648 igni
1657 566 1737 630 ad
1780 568 2059 631 animum
2091 568 2620 632 corroborandum
2664 567 2771 630 im-

711 673 908 753 ponit.
1002 670 1148 736 Non
1193 671 1348 735 satis
1408 671 1619 734 autem
1682 673 2075 752 compertum
2134 671 2360 749 habeo,
2426 671 2576 754 quid
2620 671 2773 734 iudi-

709 774 976 839 candum
1021 776 1108 839 sit
1153 776 1230 839 (10
1293 793 1388 852 eo,
1437 773 1655 857 quiin
1701 775 1843 839 navi
1890 777 2063 839 stans
2122 795 2194 840 ex
2223 778 2226 779 ’
2257 775 2450 840 undis
2495 774 2769 857 emergit,

710 878 879 943 haud
899 879 1027 944 scio
1060 897 1141 942 an
1165 878 1633 961 intellegendus
1665 879 1752 944 sis
1783 879 1897 957 vir,
1928 879 2032 962 qui
2065 879 2296 945 itinere
2329 880 2490 944 bene
2535 880 2768 962 peracto

710 983 846 1047 Deo
880 982 1240 1048 auxiliatori
1288 982 1823 1064 proficiscentium
1856 983 2094 1066 gratias
2141 986 2311 1066 agat.
2403 984 2502 1049 De
2531 983 2770 1049 homine

709 1091 918 1151 autem
966 1086 1320 1152 dormiente
1382 1087 1475 1149 nil
1540 1086 1980 1168 explicationis
2011 1086 2213 1165 add03
2263 1089 2507 1172 cogites
2553 1087 2628 1153 de
2673 1088 2766 1165 eis,

710 1192 930 1275 quibus
976 1193 1165 1275 longa
1209 1191 1441 1255 itinera
1496 1191 1677 1253 erant
1721 1194 2098 1273 peragenda.
2189 1194 2495 1258 Homines
2543 1209 2767 1277 quoque

707 1298 885 1362 vides
926 1299 1103 1377 duos,
1153 1315 1418 1381 quorum
1449 1298 1613 1360 alter
1659 1296 1843 1360 alteri
1882 1295 2099 1380 gladio
2125 1296 2355 1360 minari
2400 1296 2666 1372 videtur,
2707 1296 2767 1357 ut

708 1402 763 1465 is
810 1421 876 1466 se
921 1403 1167 1466 animae
1213 1402 1684 1486 tranquillitate
1732 1406 2023 1467 ornatum
2072 1422 2210 1468 esse
2256 1405 2568 1470 ostendat.
2656 1402 2765 1465 Ex-

707 1506 1069 1587 plicationis
1118 1505 1341 1570 dubiae
1389 1505 1547 1569 mihi
1593 1505 1886 1570 videntur
1932 1508 2089 1572 duae
2135 1508 2472 1590 imagines.
2564 1507 2767 1572 Altera

709 1611 878 1703 enim
936 1630 1148 1675 earum
1210 1610 1469 1693 fingitur
1527 1609 1652 1688 vir,
1704 1610 1807 1693 qui
1855 1610 2050 1674 alium
2113 1611 2440 1675 hominem
2504 1612 2762 1676 montem

708 1715 1153 1781 ascendentem
1185 1713 1437 1790 retinet,
1487 1714 1689 1778 altera
1712 1714 2129 1780 ostenduntur
2173 1716 2468 1781 homines
2516 1716 2654 1794 duo,
2700 1715 2762 1779 110

711 1839 972 1903 quorum
1019 1819 1270 1884 actione
1317 1819 1409 1882 nil
1456 1819 1809 1883 accuratius
1856 1820 2181 1903 intellego,
2261 1820 2549 1884 Tertium
2589 1817 2763 1883 simili

711 1925 956 1988 ratione
1004 1923 1157 1987 duos
1217 1923 1383 1989 viros
1446 1924 1725 2003 praebet.
1818 1925 2041 1992 Restat
2104 1925 2301 2008 igitur
2365 1924 2764 2006 explicatione

708 2030 1151 2115 dignissimum
1200 2031 1317 2094 etsi
1352 2029 1860 2094 dubiosissimum
1892 2029 2316 2095 simulacrum.
2363 2029 2559 2093 Vides
2600 2026 2763 2092 femi-

709 2153 856 2199 nam
925 2135 1285 2212 sedentem,
1346 2152 1501 2217 quae
1562 2134 1695 2198 viro
1756 2135 2020 2217 genibus
2078 2133 2223 2197 nixo
2284 2150 2510 2197 manus
2570 2130 2760 2206 obicit,

709 2240 883 2304 iuxta
929 2259 1112 2322 quem
1147 2239 1276 2302 stat
1307 2238 1404 2302 vir
1432 2237 1723 2316 vestituS‚
1771 2239 1905 2302 sine
1937 2239 2078 2329 ullo
2100 2238 2288 2302 dubio
2322 2237 2445 2302 Dei
2479 2236 2759 2301 sacerdos.

704 2344 990 2408 Primum
1036 2341 1382 2408 notandum
1433 2343 1550 2422 est,
1599 2345 1719 2410 hoc
1763 2362 1885 2410 uno
1918 2344 2260 2410 Mithriaco
2295 2344 2562 2409 minime
2608 2338 2763 2406 dubi-

708 2469 881 2513 orum
907 2448 1209 2512 feminam
1242 2449 1542 2530 agentem
1569 2466 1699 2513 esse
1734 2449 1969 2526 fictam,
1997 2449 2243 2526 deinde,
2278 2468 2418 2512 cum
2448 2449 2524 2512 de
2557 2444 2763 2528 reipsa

708 2554 977 2616 certiora
1021 2552 1146 2616 dici
1192 2553 1527 2645 nequeant,
1576 2552 1979 2616 simulacrum
2024 2571 2139 2634 pro
2189 2553 2376 2617 dubio
2448 2552 2548 2616 est
2591 2550 2760 2614 relin-

709 2658 1040 2739 quendum.
1135 2657 1231 2721 De
1293 2657 1485 2721 tertio
1549 2658 1759 2720 autem
1799 2657 2156 2735 simulacre,
2207 2675 2325 2739 quo
2382 2654 2616 2719 iterum
2659 2651 2758 2714 duo

706 2761 826 2824 viri
887 2761 1018 2825 ficti
1085 2762 1248 2839 sunt,
1312 2761 1583 2825 arbitror
1655 2761 1821 2825 viros
1895 2761 2063 2828 inter
2134 2782 2199 2826 se
2268 2762 2479 2825 valere
2552 2757 2758 2822 iubere.

709 2868 860 2931 Alia
905 2867 1202 2950 imaginis
1270 2868 1409 2932 loca
1478 2869 1705 2931 ornant
1772 2886 2009 2943 corvuS‚
2057 2866 2179 2944 le0,
2229 2867 2338 2930 bos
2404 2865 2469 2928 et
2528 2856 2760 2947 animal,

710 2972 880 3035 cuius
928 2991 1151 3053 corpus
1185 2990 1308 3035 non
1340 2973 1432 3036 ita
1464 2973 1561 3036 est
1591 2972 1828 3049 fictum,
1858 2973 1931 3035 ut
1955 2972 2244 3035 naturam
2276 2987 2487 3033 veram
2521 2979 2760 3047 cognos-

710 3094 942 3139 camus.
1034 3075 1296 3139 Minime
1346 3095 1588 3159 quoque
1637 3075 1862 3140 desunt
1907 3074 2059 3140 solis
2104 3074 2413 3157 lunaeque
2459 3069 2758 3153 imagines,

711 3179 975 3243 minime
1013 3181 1246 3258 taurus,
1296 3179 1564 3244 minime
1612 3181 1760 3245 deus
1808 3182 2032 3244 bovem
2065 3177 2345 3264 trahens,-
2390 3177 2650 3241 minime
2678 3190 2759 3235 ar-

709 3282 924 3362 bores,
982 3284 1270 3347 minime
1353 3284 1505 3349 solis
1586 3304 1815 3362 currus,
1899 3301 2084 3367 quem
2131 3281 2401 3352 Mithras
2482 3275 2755 3344 ascendit.

706 3387 1205 3451 Praeterundum
1275 3387 1542 3471 denique
1608 3407 1740 3453 esse
1804 3407 1965 3470 nego
2033 3406 2252 3469 aprum
2328 3383 2757 3449 circumdatum

709 3491 943 3556 circulo
991 3491 1209 3560 formis
1257 3495 1498 3570 ornato,
1548 3511 1703 3576 quae
1752 3491 2091 3556 humanam
2153 3490 2378 3554 faciem
2429 3482 2757 3552 ostendunt.

707 3593 877 3674 Quae
925 3613 1021 3660 res
1071 3595 1220 3678 quid
1265 3596 1388 3660 sibi
1435 3593 1605 3673 velit,
1648 3596 1904 3660 dubium
1953 3596 2257 3678 relinquo.
2345 3591 2531 3658 Addo
2574 3588 2757 3655 autem

707 3699 1007 3783 imaginis
1056 3700 1411 3782 descriptae
1457 3699 1598 3764 loca
1641 3718 1837 3764 vacua
1884 3717 2018 3763 esse
2065 3699 2317 3780 expleta
2374 3690 2757 3762 ornamentis.

709 3805 1015 3887 Ectypum
1053 3802 1321 3887 denique
1349 3804 1684 3867 artificium
1721 3804 1786 3866 01
1815 3804 1973 3868 bene
2008 3802 2448 3867 conservatum
2497 3800 2560 3862 et
2589 3798 2757 3863 bonae

708 3908 862 3971 artis
909 3909 1022 3972 est.

882 4114 1288 4179 Procedimus
1324 4116 1401 4179 ad
1425 4115 1783 4198 fragmenta
1816 4114 2120 4197 quaedam
2157 4111 2543 4195 explicanda.
2601 4105 2756 4173 Alte-

709 4237 849 4281 rum
898 4220 1164 4299 praebet
1208 4220 1414 4284 virum
1462 4238 1605 4283 cum
1655 4219 1901 4300 fulgure
1948 4235 2315 4300 puerosque,
2365 4232 2626 4297 quorum
2668 4222 2758 4290 pe-

2811 90 2884 753 51

2805 124 2824 143 4
