2925 4802
1621 227 1705 293 86

622 441 768 522 post
808 437 1132 503 Christum
1177 438 1395 502 natum
1424 437 1544 503 hoc
1576 457 1726 521 opus
1771 437 1856 502 sit
1902 437 2272 520 perfectum.
2349 438 2517 519 Quae
2576 457 2735 503 cnm

621 546 718 610 ita
762 545 911 622 sint,
958 552 1202 608 summa
1247 562 1387 607 cum
1432 542 1666 606 iniuria
1709 540 1950 607 iudices
1996 541 2329 608 simulacra
2371 544 2560 610 huius
2618 563 2742 628 ge-

627 649 792 714 neris
822 647 1102 730 quamvis
1133 647 1316 711 valde
1343 647 1423 711 ab
1448 645 1592 711 aliis
1624 645 2003 712 abhorreant
2026 646 2217 712 fuisse
2248 648 2740 730 antiquissima.

625 756 708 821 At
752 751 1097 836 putandum
1160 754 1258 817 est
1317 752 1496 835 quasi
1556 752 1896 834 duplicem·
1937 751 2039 817 dei
2085 754 2560 819 venerationem
2621 756 2747 820 aut

626 856 899 922 Mithrae
944 856 1256 939 imagines
1302 855 1569 937 duplicis
1616 856 1805 921 fuisse
1839 858 2118 934 naturae,
2166 877 2309 922 cum
2358 857 2500 923 aliis
2548 857 2741 923 locis

627 962 929 1028 Mithram
976 962 1288 1027 Invictum
1333 960 1720 1026 alienissimo
1769 961 1952 1026 modo
2001 962 2215 1026 fictum
2261 961 2509 1027 habeas.
2583 961 2748 1042 Qua

628 1068 838 1131 autem
883 1064 1126 1130 ratione
1172 1064 1274 1130 hic
1322 1064 1423 1130 dei
1467 1064 1702 1129 Invicti
1749 1064 2119 1147 peregrinus
2167 1066 2347 1148 quasi
2394 1066 2586 1150 typus
2644 1068 2748 1130 sit

628 1172 927 1250 servatus,
977 1170 1108 1234 erui
1155 1168 1394 1253 nequit.
1476 1167 1707 1233 Credas
1754 1170 2059 1251 tempore,
2108 1190 2230 1253 quo
2279 1170 2486 1236 cultus
2531 1171 2744 1236 valde

629 1274 929 1354 floruerit,
977 1274 1255 1339 cultores
1302 1273 1614 1357 originem
1648 1273 1974 1356 antiquam
2020 1273 2378 1356 significare
2422 1274 2742 1340 voluisse.

630 1380 754 1444 Sed
801 1396 1009 1456 cave0‚
1055 1396 1133 1442 ne
1175 1396 1285 1460 pro
1334 1378 1507 1441 certo
1555 1395 1631 1440 ea
1676 1375 1900 1441 dicam.
1980 1378 2486 1444 commemorare
2516 1379 2747 1443 liceat

631 1484 866 1566 figurae
885 1482 1173 1547 habitum
1199 1501 1311 1547 nos
1338 1482 1561 1547 docere
1586 1481 1895 1545 artificem
1918 1481 2259 1548 confecisse
2280 1483 2515 1549 bonum
2535 1502 2739 1566 opus.

144 1698 196 1753 L.
243 1716 288 1767 p.
335 1698 463 1753 Lxxl
513 1701 559 1764 1,
624 1698 631 1713 ·
805 1689 1045 1755 Tabula
1114 1709 1272 1772 quae
1341 1689 1622 1773 sequitur
1688 1690 1887 1755 tribus
1943 1689 2297 1756 simulacris
2366 1689 2741 1755 simillimis

283 1771 334 1833 2,
372 1769 421 1820 3.
633 1794 931 1877 explicati
991 1796 1213 1863 ornata
1273 1795 1494 1859 exstat.
1583 1794 1799 1859 Prima
1862 1812 2071 1859 eorum
2120 1793 2213 1861 nil
2257 1794 2406 1861 novi
2452 1795 2741 1876 praebet

631 1900 752 1965 nisi
814 1899 964 1965 duas
1026 1900 1233 1963 claves
1292 1899 1510 1963 dextra
1566 1899 1631 1963 et
1691 1897 1946 1964 sinistra
1993 1916 2383 1981 compressas
2430 1916 2543 1962 nec
2597 1908 2762 1963 non'

632 2003 919 2085 pateram
945 2020 1018 2065 ex
1055 2020 1175 2083 qua
1219 2018 1498 2081 serpens,
1548 2000 1655 2082 qui
1689 2018 1912 2085 corpus
1947 2001 2314 2080 circumdat,
2347 2000 2741 2085 sanguinem

632 2107 740 2170 aut
762 2105 1073 2188 liquorem
1107 2105 1421 2188 quendam
1455 2103 1706 2169 haurire
1738 2104 2003 2170 videtur.
2084 2103 2220 2183 Qua
2251 2106 2329 2170 de
2356 2123 2545 2170 cansa
2578 2124 2743 2169 cum

634 2210 816 2276 huius
883 2209 974 2273 rei
1044 2208 1354 2275 rationem
1422 2210 1643 2290 postea
1700 2209 1897 2275 simus
1964 2210 2280 2293 cognituri
2340 2211 2418 2275 de
2494 2209 2744 2274 horum

634 2313 1109 2378 simulacrorum
1155 2312 1531 2383 archaistico
1578 2313 1753 2395 quasi
1800 2313 1969 2392 stilo,
2031 2315 2198 2379 recte
2243 2333 2357 2381 nos
2402 2314 2739 2380 iudicasse

636 2419 1088 2504 explicationes
1133 2419 1393 2482 aliarum
1438 2418 1789 2502 imaginum
1837 2418 2192 2485 ostendent.

809 2541 1068 2606 Maioris
1126 2540 1317 2624 pretii
1392 2540 1736 2605 secundum
1802 2540 2054 2606 videtur
2108 2555 2241 2605 esse
2287 2540 2740 2611 simulacrum.

636 2647 846 2712 Habes
871 2647 1078 2710 Deum
1124 2664 1336 2710 rursus
1382 2645 1502 2709 alis
1550 2646 1839 2709 ornatum
1888 2647 1954 2710 et
1996 2644 2345 2710 bracatum.
2422 2645 2737 2712 Manibus

637 2751 806 2816 faces
879 2749 1311 2814 inflammatas
1377 2750 1577 2828 tenet,
1648 2767 1791 2812 cum
1853 2750 2177 2830 serpentes
2246 2751 2541 2831 quattuor
2584 2751 2731 2814 alas

638 2853 1047 2919 circumdant.
1142 2851 1311 2931 Quae
1390 2851 1540 2935 quid
1609 2851 1997 2934 significent,
2067 2852 2196 2915 iam
2263 2852 2727 2920 intelleximus,

636 2960 889 3024 Novum
935 2959 1144 3022 autem
1190 2958 1453 3039 praebet
1484 2956 1693 3040 imago
1729 2958 2183 3039 argumentum,
2233 2977 2327 3036 eo,
2363 2958 2530 3040 quod
2564 2958 2728 3024 deus

638 3064 823 3128 vento
872 3081 945 3127 ex
994 3081 1099 3127 ore
1145 3060 1429 3127 exhalato
1479 3060 1692 3144 ignem
1739 3079 1880 3124 arae
1924 3061 2294 3143 impositum
2339 3060 2726 3129 inflammat.

640 3165 773 3245 Qua
815 3185 882 3230 re
927 3165 1080 3231 solis
1123 3167 1368 3230 aestum
1414 3165 1689 3247 figurari,
1739 3166 1874 3248 quis
1920 3166 2015 3230 est
2061 3165 2210 3248 quin
2255 3165 2633 3249 intellegat?

812 3288 1036 3352 Restat
1118 3289 1286 3352 Deus
1384 3288 1621 3353 duobus
1719 3286 2115 3369 serpentibus
2211 3287 2727 3368 circumcinctuS‚

639 3394 901 3475 utraque
980 3411 1166 3456 manu
1245 3392 1486 3457 clavem
1556 3392 1778 3456 tenens
1851 3393 1915 3457 et
1988 3392 2221 3472 pedum
2297 3392 2440 3457 loco
2507 3391 2729 3457 avium

640 3514 877 3580 ungues
923 3497 1275 3562 ostendens,
1351 3496 1594 3562 Notatu
1627 3496 1836 3560 autem
1884 3494 2080 3579 digna
2126 3498 2223 3561 est
2266 3488 2416 3561 luna
2459 3496 2729 3579 podium

642 3601 849 3682 ipsum
896 3620 1143 3667 ornans,
1238 3600 1408 3680 Quae
1470 3601 1596 3665 tria
1653 3600 1923 3683 paginae
1970 3599 2331 3665 nominatae
2380 3600 2731 3665 simulacra

643 3704 987 3787 descripta,
1053 3724 1314 3788 quorum
1371 3705 1645 3788 primum
1719 3705 1783 3769 et
1851 3702 2196 3770 secundum
2263 3705 2408 3769 sunt
2476 3703 2731 3787 effigies

644 3808 1012 3887 eminenteS‚
1057 3809 1321 3874 tertium
1369 3810 1466 3873 est
1511 3808 1737 3888 statua,
1785 3827 1986 3891 neque
2031 3809 2231 3873 bonae
2277 3826 2478 3890 neque
2521 3806 2731 3875 malae

643 3915 787 3980 sunt
831 3915 1002 3980 artis,

163 4132 573 4202 L.p.Lxxl11‚2.
820 4107 967 4171 Jam
1028 4105 1496 4187 procedendum
1558 4107 1657 4171 est
1716 4105 1797 4170 ad
1847 4104 2147 4187 paginam
2192 4102 2734 4187 septuagesimam

647 4208 1003 4290 secundam,
1036 4228 1196 4292 quae
1228 4209 1351 4275 duo
1375 4209 1636 4291 praebet
1657 4207 1991 4275 simulacra
2010 4208 2390 4292 exponenda.
2438 4209 2738 4278 Primum

212 4445 337 4526 ³
2803 4461 2885 4693 A
