2925 4802
1614 284 1697 348 28

623 496 913 563 Alterum
945 495 1021 560 de
1045 494 1319 562 Mithrae
1352 493 1545 559 sacris
1576 493 1953 575 scriptorem
1982 493 2371 578 Porphyrius
2406 494 2723 562 nominat

621 618 764 665 cum
822 599 1188 664 animalium
1252 598 1491 664 formae
1554 597 1958 663 imitationen
2017 599 2256 664 edocet.
2353 599 2572 678 Quam
2641 601 2728 666 ad

619 724 752 770 rem
811 703 1326 787 pertractandam
1380 702 1588 768 verbis
1646 701 1843 766 utitur
1899 699 2173 783 Πάλλας
2234 706 2306 770 ἐν
2360 712 2504 784 τοῖς
2555 708 2729 796 περὶ

618 816 737 875 τοῦ
783 809 1028 898 Μίθρα
1075 807 1243 896 φησί
1264 806 1334 890 1).
1390 805 1442 870 Ε
1490 806 1714 897 quibus
1746 803 2036 887 intellegi
2082 806 2298 888 potest
2339 806 2722 871 Pallantem

620 932 861 995 quoqne
881 912 1192 996 quendam
1209 910 1284 981 de
1309 910 1645 976 Mithriaco
1673 909 1845 974 cultu
1868 908 2209 992 scripsisse.
2260 911 2353 974 De
2385 910 2719 993 scriptore

617 1020 751 1102 ipso
797 1020 1011 1084 autem
1056 1014 1145 1081 nil
1190 1034 1303 1100 pro
1358 1017 1532 1081 certo
1595 1015 1959 1080 habendum
2008 1016 2121 1081 est.
2214 1014 2450 1095 Quibus
2513 1018 2725 1083 rebus

619 1121 887 1205 cognitis
970 1121 1098 1186 iuis
1165 1121 1553 1204 temporibus
1636 1139 1867 1186 arcana
1923 1121 2125 1184 cultus
2185 1120 2314 1185 iam
2375 1124 2724 1188 nonnullis

616 1226 976 1291 hominibus
1019 1226 1270 1309 scriptis
1301 1245 1544 1308 quoque
1591 1225 1769 1291 libris
1808 1225 2155 1290 innotuisse
2200 1226 2466 1293 constat.
2542 1226 2725 1293 Cum

618 1331 828 1395 antem
883 1349 998 1395 nec
1044 1331 1120 1396 de
1166 1331 1297 1395 vita
1341 1350 1454 1395 nec
1503 1331 1579 1394 (16
1627 1329 1883 1410 scriptis
1928 1347 2042 1393 nec
2089 1329 2166 1393 de
2213 1330 2500 1412 tempore
2575 1352 2714 1415 quo

527 1433 532 1439 '
616 1434 847 1500 vixerit
867 1434 1105 1518 aliquid
1131 1434 1532 1500 statuendum
1558 1432 1662 1512 sit,
1695 1434 1761 1498 in
1796 1433 1984 1498 dubio
2011 1451 2254 1516 quoque
2281 1433 2724 1516 relinquenda

619 1540 716 1604 est
775 1539 1103 1620 quaestio,‘
1156 1540 1368 1603 utrum
1414 1537 1524 1601 alii
1584 1536 1954 1620 scriptoreS,
2027 1537 2435 1623 Hieronymo,
2507 1559 2719 1623 quem

552 1712 557 1727 ,
617 1642 856 1709 Eubulo
901 1643 1065 1708 teste
1091 1662 1269 1709 usum
1314 1661 1452 1708 esse
1502 1643 1765 1721 constat,
1814 1640 2099 1725 excepto,
2149 1661 2301 1726 qnos
2349 1645 2717 1725 nominavi,

616 1747 872 1813 illorum
936 1746 1115 1812 libris
1176 1747 1286 1811 1161.
1331 1746 1485 1824 sint,
1548 1765 1762 1810 necne.
1855 1745 2081 1811 Verbis
2140 1749 2355 1813 autem
2418 1749 2718 1831 cognitis

617 1850 653 1920 ὁ
697 1853 852 1941 περὶ
894 1853 1011 1936 τήν
1051 1860 1173 1918 τοῦ
1202 1852 1443 1941 Μίθρα
1491 1851 1779 1940 ἱστορίαν
1822 1851 1887 1918 ἐν
1924 1853 2196 1932 πολλοῖς
2222 1853 2510 1937 βιβλίοις
2539 1853 2715 1941 ‹ivge-

617 1953 881 2045 γράψας
954 1955 1196 2037 optimo
1278 1955 1409 2020 iure
1484 1954 1723 2021 iudices
1798 1955 2036 2037 scripta
2108 1956 2340 2021 Eubuli
2401 1956 2712 2039 tempore

614 2059 948 2144 Porphyrii
995 2080 1118 2124 non
1163 2079 1274 2140 per
1308 2058 1525 2142 vulgus
1555 2075 1690 2124 esse
1721 2061 2082 2143 pervagata.
2149 2058 2328 2139 Quod
2360 2061 2414 2124 si
2445 2060 2709 2141 fuisset,

619 2163 711 2228 nil
758 2161 834 2227 de
879 2163 1086 2244 operis
1132 2163 1378 2228 ratione
1427 2163 1764 2228 narrasset.
1853 2162 2029 2229 Idem
2080 2163 2208 2229 fere
2257 2163 2333 2228 de
2380 2163 2711 2231 Pallantis

616 2268 779 2333 libro
811 2266 1377 2350 significationibus
1423 2266 1490 2334 ἐν
1531 2274 1672 2346 τοῖς
1715 2268 1870 2353 περὶ
1905 2260 2029 2334 Ἰτοῦ
2077 2269 2320 2357 Μίθρα
2366 2269 2538 2334 nisus
2598 2271 2712 2334 in-

617 2370 900 2455 tellegas.
992 2369 1192 2451 Quam
1251 2371 1327 2437 ob
1399 2389 1533 2436 rem
1596 2390 1795 2455 neque
1856 2371 2100 2437 saeculo
2172 2373 2364 2438 tertio
2431 2372 2707 2440 ineunte

615 2497 676 2559 p.
698 2474 842 2541 Chr.
869 2496 928 2541 n.
965 2493 1070 2540 606
1103 2474 1232 2539 16111
1262 2475 1369 2539 diu
1402 2476 1725 2558 scripsisse
1759 2496 1956 2559 neque
1990 2495 2206 2541 eorum
2238 2478 2436 2543 libros
2467 2479 2702 2544 multis

617 2580 967 2646 innotuisse
1014 2579 1318 2644 credibile
1348 2580 1461 2646 est.
1513 2578 1648 2659 Qua
1670 2599 1738 2644 re
1762 2579 2086 2647 intellecta
2110 2601 2253 2646 cum
2273 2582 2706 2666 Porphyrium

616 2685 886 2750 testibus
934 2684 1194 2767 optimis
1240 2703 1418 2749 usum
1468 2703 1603 2750 esse
1635 2685 1975 2764 videamus,
2017 2684 2277 2749 minime
2335 2686 2702 2752 dubitamus

618 2809 757 2855 eum
792 2790 911 2854 fide
945 2788 1391 2873 dignissimum
1415 2789 1661 2854 ducere.
1725 2788 1898 2869 Quae
1925 2789 2289 2855 antemhoc
2323 2791 2462 2856 loco
2495 2791 2702 2856 tradit

618 2894 747 2958 fere
804 2895 950 2960 sunt
1004 2894 1188 2959 haec:
1252 2896 1472 2977 Magos
1534 2892 1700 2958 enim
1759 2894 2093 2960 Persarum
2156 2914 2378 2960 omnes
2438 2896 2708 2978 putasse.

617 3000 832 3064 narrat
875 2998 1117 3078 animas
1161 2998 1489 3064 hominum
1538 2999 1923 3063 mortuorum
1967 3019 2092 3066 non
2139 2998 2399 3065 interire
2455 2999 2565 3064 sed
2610 3000 2696 3065 ab

616 3105 760 3169 aliis
822 3105 902 3169 ad
963 3104 1120 3169 alios
1188 3102 1474 3168 transire.
1565 3101 1767 3168 Addit
1822 3124 1954 3169 rem
2001 3103 2096 3168 ita
2162 3121 2229 3168 se
2276 3103 2570 3170 habuisse
2617 3123 2695 3168 ex

616 3209 891 3274 Mithrae
939 3227 1181 3292 quoque
1235 3207 1554 3292 mysteriis
1601 3227 1784 3291 posse
1816 3207 2126 3292 intellegi.
2219 3211 2295 3272 In
2340 3208 2473 3273 illis
2520 3208 2695 3274 enim

616 3314 908 3396 peractis,
968 3314 1076 3396 qui
1133 3312 1372 3377 initiati
1433 3312 1579 3390 sint,
1645 3332 1717 3377 66
1763 3314 1929 3379 16616
1988 3314 2203 3393 λέονες
2265 3313 2375 3378 6111
2440 3313 2700 3381 λέαιναι

615 3417 727 3481 6111
772 3415 1043 3508 κόρακες
1086 3419 1231 3482 611111
1275 3415 1606 3482 nominati.
1702 3414 1845 3494 Sed,
1893 3417 2118 3481 lacuna
2163 3416 2561 3500 interposita,
2619 3417 2691 3480 id

614 3538 803 3585 unum
889 3520 1160 3585 traditur
1241 3522 1452 3601 patres
1515 3520 1772 3585 vocibus
1834 3522 2015 3587 ἀετοὶ
2086 3521 2152 3584 61
2222 3521 2480 3611 ἱέρακες
2557 3537 2694 3587 6666

616 3624 1025 3711 significatos.
1111 3624 1491 3707 Porphyrius
1540 3625 1750 3688 autem
1792 3626 1874 3691 w?
1924 3626 2213 3693 λεοντικιὶ
2267 3625 2692 3707 accipientem

617 3731 872 3795 omnino
906 3728 1273 3793 animalium
1308 3727 1526 3793 formis
1556 3726 2015 3792 circumdatum
2048 3746 2183 3794 esse
2218 3729 2516 3795 affirmat.
2596 3731 2692 3796 De

616 3834 789 3897 cuius
848 3831 940 3897 rei
1003 3851 1187 3898 causa
1245 3852 1310 3898 66
1373 3851 1513 3896 611111
1558 3833 1725 3896 16616
1791 3850 1899 3897 6116
1965 3852 2089 3897 11611
2147 3832 2504 3898 consentire
2551 3834 2688 3917 ipse

616 3937 891 4020 exponit.
981 3940 1140 4003 Rem
1196 3937 1398 4020 ipsam
1458 3935 1831 4014 diiudicare,
1896 3954 2037 3999 cum
2091 3935 2334 4001 nullum
2384 3937 2558 4002 aliud
2606 3939 2682 4003 de

616 4062 692 4108 ea
713 4064 779 4109 re
804 4044 1241 4109 testimonium
1268 4042 1626 4121 habeamus,
1662 4061 1785 4107 11611
1800 4057 2148 4125 possumus.
2195 4041 2437 4105 Tamen
2470 4042 2687 4107 credas

615 4146 986 4229 scriptorem
1050 4147 1333 4211 nostrum
1379 4166 1505 4212 non
1562 4166 1599 4210 a
1641 4148 1807 4211 teste
1869 4166 1977 4213 suo
2027 4145 2440 4212 discessurum
2497 4146 2689 4213 fuisse

758 4285 796 4352 ¹)
834 4283 915 4340 ed.
954 4286 1017 4339 A.
1043 4284 1230 4339 Nauck
1256 4286 1373 4351 178,
1398 4286 1551 4338 2—4.
1587 4285 1668 4338 De
1694 4284 1886 4339 abstin.
1925 4286 2001 4340 Iv
2032 4286 2112 4340 16.
2148 4285 2362 4355 Lipsiae
2392 4285 2541 4340 1860.
2578 4287 2652 4342 80.
