2925 4802
1619 221 1706 285 5ss

618 433 817 498 vacat.
909 430 1324 497 Sozomenum
1370 429 1577 494 autem
1626 448 1766 495 cum
1810 429 1941 494 illis
2006 430 2456 496 consuetudine
2520 431 2707 497 fuisse

621 536 1023 602 coniunctum
1065 551 1192 599 non
1225 533 1499 613 credam,
1548 552 1688 597 cnm
1736 536 1802 599 et
1847 529 1986 598 eam
2020 550 2155 599 rem
2187 535 2405 599 taceat
2449 536 2515 599 et
2561 554 2710 600 con-

621 657 875 705 sensum
923 638 1057 704 eius
1111 658 1254 704 cum
1309 638 1568 704 Socrate
1629 637 1764 702 sine
1820 638 2012 704 dubio
2059 657 2132 704 ex
2182 638 2418 704 iisdem
2451 639 2708 719 littam,

623 744 870 824 edictis,
918 743 1101 808 libris
1147 741 1409 808 minime
1470 743 1680 807 autem
1740 759 1815 806 ex
1871 742 2102 808 iisdem
2165 744 2500 827 colloquiis
2567 765 2712 810 cum

624 848 765 913 aliis
831 847 1143 932 originem
1213 847 1461 912 duxisse
1527 863 1676 911 sane
1748 847 2009 914 constat.
2122 846 2364 926 Quibus
2436 850 2713 933 cognitis

623 954 944 1020 Socratem
990 951 1244 1018 uberius
1276 951 1531 1034 quidem
1579 947 1655 1013 de
1702 947 1833 1015 illis
1864 952 2048 1016 rebus
2098 951 2300 1035 gestis
2345 951 2715 1019 disseruisse

622 1056 916 1122 mirabile
979 1076 1104 1123 non
1165 1057 1279 1121 est.
1372 1055 1470 1119 De
1528 1053 1806 1120 Mithrae
1866 1055 2082 1121 autem
2140 1056 2313 1120 cultu
2378 1056 2450 1122 id
2518 1076 2719 1123 unum

626 1162 914 1246 cognosci
959 1161 1172 1243 potest
1215 1159 1560 1225 Mithreum
1609 1158 2030 1224 Alexandriae
2079 1179 2116 1224 a
2158 1160 2369 1243 priore
2402 1162 2720 1228 seditione

624 1284 819 1348 usque
868 1263 948 1329 ad
994 1285 1133 1329 eum
1178 1264 1522 1328 tumultum
1560 1264 1995 1329 conservatum
2027 1258 2298 1329 stetisse.
2378 1265 2723 1332 Mithriaca

623 1371 766 1454 ipsa
812 1370 966 1434 duce
1026 1368 1285 1434 Socrate
1348 1368 1548 1434 denuo
1596 1385 1735 1433 esse
1803 1367 2059 1450 peracta
2104 1387 2247 1434 cum
2309 1374 2548 1459 φονικοὶ
2605 1398 2723 1455 μυ-

625 1466 863 1565 στήρια
926 1473 1153 1538 iterum
1197 1474 1449 1556 reperta
1495 1491 1630 1538 esse
1683 1472 1916 1552 tradat,
1966 1472 2105 1556 quis
2164 1474 2264 1538 est
2321 1474 2431 1556 qui
2480 1476 2720 1554 credat,

625 1596 768 1642 cum
830 1577 957 1641 iam
1025 1596 1187 1643 anno
1255 1576 1575 1642 tricesimo
1643 1576 2037 1661 sexagesimo
2103 1579 2379 1642 secundo
2436 1578 2720 1646 Mithrae

550 1678 557 1693 ’
626 1699 875 1747 sacrum
920 1680 989 1747 ἐκ
1033 1683 1332 1748 παλαιῶν
1374 1691 1500 1748 τῶν
1541 1682 1785 1771 χρόνων
1828 1678 2066 1771 ἔρημον
2109 1681 2297 1747 fuisse
2346 1701 2419 1747 ac
2452 1682 2725 1747 minime

145 2297 296 2352 XXXII
312 2297 557 2352 LNonnus

145 2367 551 2438 Panopolitanus.

153 3861 301 3915 XXXII
316 3860 566 3917 2.Nonnus

154 3931 555 4001 Panopolitanus.

626 1785 809 1850 fidem
843 1785 1092 1850 Socrati
1143 1786 1261 1850 hac
1307 1786 1374 1849 in
1418 1804 1486 1850 re
1535 1783 1884 1850 enarranda
1928 1785 2337 1851 tribuendam
2405 1804 2542 1852 esse
2592 1788 2724 1851 sta-

627 1891 838 1954 tutum
885 1890 989 1958 sit.

626 1995 762 2058 Ista
805 1992 934 2058 fere
962 2012 1120 2077 quae
1154 1995 1230 2059 de
1265 1994 1541 2061 Mithreo
1577 1993 1997 2061 Alexandriae
2030 1996 2357 2061 devastato
2406 2014 2725 2062 memora·
2831 2038 2836 2051 ·

628 2097 788 2162 bilia
830 2098 993 2163 mihi
1039 2099 1330 2163 videntur
1378 2115 1531 2167 esse.

800 2288 911 2354 Bis
956 2289 1216 2354 Nonnus
1244 2288 1734 2371 Panopolitanus
1781 2289 2087 2355 Mithram
2134 2293 2464 2355 memorat.
2513 2291 2730 2356 Verba

630 2396 840 2461 autem
886 2394 1181 2480 leguntur
1225 2395 1382 2461 haec

718 2497 792 2586 ἢν
822 2498 1073 2588 ἐθέλῃς,
1112 2495 1291 2567 πόδα
1329 2497 1598 2591 κοτ’μψον
1636 2500 1949 2590 ὁμούριον
1977 2499 2073 2580 εἰς
2117 2499 2335 2584 χθόνα
2365 2496 2652 2588 Μήδων.

714 2610 892 2671 κεῖθι
934 2602 1150 2689 μολών
1195 2601 1475 2694 α’γόρευε
1519 2603 1954 2692 χοροστασίας
1999 2604 2340 2672 Διονύσου.

722 2709 914 2791 δείξω
962 2708 1290 2800 Βάκτριον
1338 2707 1559 2787 οὖδας,
1608 2709 1785 2776 ὅπου
1830 2709 1993 2787 θέος
2042 2705 2272 2776 ἔπλετο
2316 2708 2601 2796 Μίθρης

713 2809 1059 2902 Ἀσσύριος
1113 2813 1389 2880 Φαέθων
1435 2812 1529 2879 ἐνὶ
1574 2814 1858 2904 Πέρσιδι
1881 2815 1964 2897 1).
2008 2864 2023 2879 .
2059 2865 2070 2878 .
2110 2865 2122 2876 .

635 2916 920 2998 Scriptor
962 2916 1160 2999 igitur
1205 2917 1418 2979 narrat
1461 2916 1766 2980 Mithram
1814 2936 1852 2980 a
1893 2917 2140 2983 Bactris
2186 2917 2520 2999 praecipue
2582 2936 2727 2983 esse

633 3020 890 3085 cultum.
1017 3019 1105 3084 At
1179 3022 1565 3101 cognoverat
1663 3019 1972 3104 originem
2046 3019 2471 3085 venerationis
2545 3020 2729 3086 illius

632 3123 946 3208 persicam
993 3141 1065 3189 ac
1107 3123 1503 3205 compertum
1549 3124 1825 3188 habebat
1868 3123 2140 3189 Mithrae
2189 3124 2430 3188 cultum
2485 3142 2525 3186 a
2567 3126 2727 3190 solis

633 3229 1032 3294 veneratione
1064 3247 1189 3293 non
1220 3227 1574 3296 abhorrere.
1627 3228 1823 3293 Plura
1855 3230 1931 3294 de
1965 3229 2425 3312 propagatione
2456 3227 2727 3312 religio-

635 3334 732 3398 nis
742 3333 964 3398 Mithri
972 3352 1117 3398 acae
1130 3352 1163 3397 e
1177 3351 1359 3415 comp
1367 3334 1651 3399 aratione
1670 3335 1999 3399 verborum
2015 3333 2506 3423 βάκτριον,Ἀσσ
2516 3331 2726 3419 ύριος,

634 3437 913 3527 Πέρσιὸι
986 3455 1123 3502 esse
1192 3435 1627 3518 cognoscenda
1695 3436 1852 3500 mihi
1920 3456 2047 3502 non
2115 3436 2431 3504 videntur.
2522 3438 2725 3502 Porro

634 3539 966 3624 intellegas
1024 3540 1264 3605 cultum
1325 3540 1446 3604 Dei
1491 3539 1760 3606 Mithrae
1828 3541 1997 3623 apud
2041 3540 2360 3606 Romanos
2425 3541 2724 3606 diffusum

636 3645 929 3727 scriptori
974 3645 1393 3727 probabiliter
1438 3663 1563 3710 non
1610 3645 1978 3710 innotuisse.

814 3838 1033 3904 Altero
1076 3836 1215 3903 loco
1264 3839 1525 3903 Nonnus
1569 3835 2065 3921 Panopolitanus
2112 3834 2187 3901 de
2224 3836 2471 3902 Mithra
2512 3835 2728 3919 loqui·
2831 3887 2842 3898 .

636 3941 741 4005 tur
784 3942 937 4006 haec

781 4131 820 4199 ι)
857 4131 939 4185 ed.
976 4132 1038 4185 A.
1060 4088 1316 4200 ‘Koechly
1350 4131 1379 4185 1
1413 4132 1533 4185 314.
1607 4129 1935 4201 Dionysiaca
1968 4130 2096 4185 m
2132 4130 2427 4183 246—249.
2500 4129 2722 4199 Lipsiae

644 4217 794 4271 1857.
865 4217 938 4269 8⁰.
