2925 4802
1686 280 1769 344 84

1159 715 1291 792 Dei
1344 714 1744 792 simulacra
1798 713 2297 813 explicantur.

1398 857 1403 862 ’
1472 850 1974 920 Praefatio.

866 1025 1097 1104 Quibus
1152 1025 1438 1090 omnibus
1499 1025 2245 1108 expositis-cognitisque
2299 1024 2377 1088 de
2437 1023 2620 1089 cultu
2668 1025 2769 1102 eis,

690 1150 849 1215 quae
917 1131 1327 1214 scriptoribus
1394 1131 1457 1194 et
1520 1129 2057 1211 inscriptionibus,
2087 1129 2106 1132 ⁴
2129 1130 2424 1194 docemur
2490 1128 2630 1192 iam
2701 1127 2771 1191 ad

688 1235 1064 1300 illustranda
1120 1234 1322 1299 cultus
1384 1234 1722 1299 simulacra
1781 1233 2266 1317 progrediamur
2320 1233 2532 1298 liceat.
2646 1230 2772 1309 Qua

594 1371 641 1388 ,‚
689 1340 755 1403 in
798 1359 867 1406 re
914 1339 1245 1404 efficienda
1281 1358 1406 1404 non
1452 1339 1521 1403 id
1565 1339 1725 1402 mihi
1759 1337 2074 1419 proposui,
2119 1338 2209 1415 ut,
2257 1355 2412 1419 quae
2445 1336 2574 1400 viri
2610 1335 2770 1400 docti

689 1444 765 1508 (16
809 1443 1333 1525 interpretatione
1375 1440 1763 1525 singularum
1798 1442 2150 1526 imaginum
2191 1439 2554 1520 statuerint,
2593 1459 2770 1522 repe-

686 1550 839 1626 tam,
877 1549 953 1612 at
976 1547 1042 1611 id
1066 1565 1259 1611 unum
1298 1547 1641 1627 petendum
1673 1565 1809 1611 esse
1842 1545 2218 1624 existimavi,
2241 1547 2332 1623 ut,
2382 1556 2556 1629 quae·
2571 1545 2769 1628 magis
2815 1558 2820 1559 f

686 1652 876 1737 ¹dubia
922 1653 986 1716 et
1030 1650 1323 1734 graviora
1366 1651 1495 1715 sint
1538 1651 1784 1729 relicta,
1831 1649 2179 1741 accuratius
2225 1649 2637 1732 investigem.

861 1756 986 1821 Sed
1025 1771 1119 1820 ‘ne
1178 1772 1499 1841 careamus
1561 1754 1802 1836 optimo
1874 1754 2224 1832 intellectu,
2283 1754 2501 1835 paucis
2569 1752 2768 1817 verbis

686 1859 963 1940 primum
1032 1878 1105 1923 ea
1179 1877 1516 1941 exponam,
1566 1877 1720 1941 quae
1767 1876 2015 1940 semper
2068 1857 2177 1921 aut
2222 1856 2469 1938 saepius
2530 1856 2605 1921 in
2651 1855 2770 1921 Mi-

684 1964 961 2028 thriacis-
982 1963 1250 2046 figurata
1277 1962 1517 2045 reperis
1550 1964 1614 2027 et
1651 1981 1808 2045 quae
1835 1963 1912 2027 ab
1945 1961 2236 2029 omnibus
2255 1962 2428 2026 recte
2456 1961 2769 2044 explicata

597 2099 607 2104 *
687 2069 949 2135 exstant.
1021 2065 1653 2132 Commemorandum
1683 2067 1883 2149 igitur
1915 2067 2010 2131 est
2041 2067 2108 2130 in
2154 2066 2442 2131 omnibus
2472 2065 2764 2129 Mithria-

686 2192 900 2238 corum
913 2171 1262 2237 simulacris
1281 2171 1418 2236 viro
1440 2171 1661 2236 bovem
1680 2173 1944 2236 necante
1961 2171 2205 2254 persico
2221 2170 2444 2234 habitu
2456 2169 2762 2235 Mithram

596 2322 600 2330 -
683 2277 894 2359 ipsum
926 2276 1293 2358 significari,
1328 2275 1435 2358 qui
1460 2294 1535 2340 ex
1568 2274 1827 2340 animali
1856 2276 1991 2354 illo,
2041 2275 2218 2358 quasi
2251 2293 2283 2338 e
2314 2276 2505 2352 terra,
2541 2273 2768 2340 fertili-

682 2382 881 2447 tatem
928 2382 1167 2455 evocat.
1259 2380 1449 2446 Cuius
1495 2380 1587 2445 rei
1632 2380 1813 2459 ratio,
1885 2398 2028 2444 cum
2072 2378 2411 2461 intellegas
2454 2378 2762 2444 Mithram

686 2502 820 2549 esse
883 2487 1117 2562 solem,-
1174 2487 1422 2550 taurum
1483 2484 1703 2550 mundi
1758 2486 2135 2568 imaginem,
2215 2484 2403 2549 facile
2467 2481 2760 2567 cognosci

683 2591 915 2671 potest.
1008 2593 1315 2673 Persaepe
1357 2591 1667 2656 accedunt
1697 2590 1837 2669 viri,
1873 2605 2132 2673 quorum
2163 2590 2324 2654 alter
2354 2589 2490 2653 face
2521 2589 2765 2652 inversa

620 2724 627 2732 ·
682 2696 953 2772 noctem,
1009 2694 1167 2759 alter
1211 2694 1350 2759 face
1414 2696 1625 2758 erecta
1671 2694 1838 2758 diem
1886 2693 2223 2777 significat.
2318 2692 2531 2758 Simili
2579 2692 2761 2756 modo

596 2844 601 2852 ,
686 2798 748 2861 et
795 2798 940 2863 solis
988 2801 1052 2864 et
1082 2800 1269 2863 lunae
1302 2799 1698 2881 reperiuntur
1728 2798 2078 2865 simulacra.
2177 2797 2277 2862 Ad
2308 2798 2758 2861 mactationem

683 2903 893 2965 autem
939 2902 1140 2985 ipsam
1166 2903 1491 2985 pertinent
1535 2903 1729 2982 caniS,
1765 2902 1870 2985 qui
1902 2902 2274 2985 sanguinem
2305 2902 2479 2965 bovis
2510 2895 2759 2982 accipit,
2836 2920 2840 2923 ’

681 3006 949 3086 scorpio,
998 3006 1106 3090 qui
1151 3007 1477 3072 testiculos
1525 3008 1693 3072 tauri
1739 3007 2001 3073 mordet.
2111 3003 2280 3084 Quae
2331 3002 2637 3068 animalia
2703 3005 2759 3067 et

592 3143 599 3149 ·
680 3108 956 3175 hiemem
983 3112 1048 3175 et
1078 3113 1385 3191 aestatem
1417 3111 1684 3193 fingunt,
1719 3129 1860 3175 cum
1887 3111 1979 3175 sol
2002 3110 2066 3173 in
2099 3109 2451 3192 scorpionis
2483 3108 2758 3191 imagine

679 3216 852 3279 stans
895 3215 1158 3279 minime
1220 3216 1304 3281 sit
1362 3215 1644 3298 frugifer,
1705 3215 1772 3279 in
1835 3215 2017 3291 canis,
2071 3215 2287 3278 autern
2334 3212 2542 3277 stellis
2591 3214 2758 3277 stans

621 3345 629 3349 ·
679 3320 1018 3384 maximam
1078 3322 1450 3403 procreandi
1494 3322 1622 3385 vim
1686 3321 1993 3386 ostendat.
2086 3320 2425 3402 Serpentes
2490 3318 2757 3399 denique

679 3424 879 3488 varia·
907 3424 1337 3508 significantes
1398 3426 1657 3508 reperis,
1730 3444 1850 3508 qua
1896 3424 1971 3489 de
2033 3443 2220 3489 causa
2280 3442 2406 3488 non
2451 3422 2573 3487 hoc
2623 3422 2754 3486 loco

654 3527 786 3593 *sed
842 3528 1327 3611 singulislocis
1383 3530 1639 3595 uberius
1703 3530 1779 3594 (16
1838 3529 1929 3595 eis
1980 3529 2314 3593 dicendum
2362 3529 2478 3594 est.
2539 3524 2754 3591 Saxis

677 3635 858 3698 antra
921 3632 1053 3718 illa
1094 3634 1235 3698 atra
1296 3635 1499 3698 cultus
1570 3633 1987 3699 demonstrari
2048 3651 2149 3697 res
2193 3633 2334 3713 ipsa
2379 3648 2508 3696 nos,
2552 3629 2752 3695 docet.

676 3734 847 3815 Quae
892 3737 1023 3801 fere
1069 3738 1213 3802 sunt
1259 3756 1507 3820 semper
1552 3739 1663 3803 aut
1708 3738 1954 3818 saepius
1998 3737 2251 3819 reperta
2280 3735 2348 3798 in
2378 3734 2753 3816 MithriaciS.

677 3839 911 3919 Quibus
938 3841 1208 3924 cognitis
1237 3841 1364 3905 iam
1411 3842 1609 3921 adid,
1659 3840 1824 3924 quod
1868 3841 2266 3923 proposit-um
2291 3838 2620 3917 habemus),
2669 3838 2755 3901 est

675 3944 1223 4027 progrediendum.
1466 3929 1469 3933 Δ

854 4048 1146 4130 Lajardus
1192 4048 1359 4113 enim
1404 4069 1459 4114 v.
1512 4049 1568 4113 d.
1619 4067 1779 4113 anno
1826 4046 2167 4112 millesimo
2226 4045 2752 4127 octingentesimo

676 4153 1153 4236 quadragesimo
1229 4154 1500 4235 septimo
1580 4169 1732 4235 opus
1797 4151 2194 4235 praeclarum
2261 4149 2427 4214 illud
2474 4150 2751 4232 perfecit,

675 4278 796 4341 quo
869 4259 1097 4336 omnia,
1170 4277 1326 4340 quae
1370 4277 1564 4342 usque
1641 4258 1721 4322 ad
1794 4257 1862 4320 id
1934 4258 2188 4339 tempus
2235 4256 2416 4319 erant
2480 4255 2752 4334 inventa,
