2925 4802
1126 309 1210 373 35

107 513 275 578 Aeli
345 508 573 578 verbis
599 514 1025 581 confirmatur.
1118 515 1366 581 Addam
1413 517 1792 598 scriptorem
1852 518 2137 583 nostrum
2183 539 2221 582 a

108 616 489 683 Mithriacis
560 637 628 683 se
706 638 831 684 non
905 621 1245 685 abhorrere
1322 639 1388 686 se
1468 638 1831 702 coarguere,
1922 640 2064 687 cum
2158 623 2223 686 et

108 723 476 786 Mithriaca
508 722 738 807 polluit
783 723 956 788 dicat
1001 726 1066 788 et
1097 724 1361 807 reliquis
1409 726 1807 791 demonstret
1851 744 1916 790 se
1964 744 2222 790 accura-

104 825 376 891 tissime
448 827 525 891 de
561 832 565 837 ’
595 827 770 892 cultu
838 829 978 911 ipso
1048 829 1384 894 certiorem
1457 828 1651 895 fuisse
1718 828 1974 895 factum.
2066 830 2221 896 Cum

110 931 348 995 autem
395 933 687 1014 tempore
756 932 985 1005 vixerit
1031 951 1123 1012 eo,
1190 952 1309 1015 quo
1366 932 1647 1000 Mithrae
1712 934 1917 999 cultus
1979 932 2222 998 nemini

110 1055 254 1101 non
326 1034 732 1113 innotuisset,
803 1054 950 1100 num
1013 1037 1134 1100 Dei
1198 1037 1367 1102 Solis
1434 1037 1642 1103 cultor
1695 1037 1899 1129 ¹suerit
1960 1038 2220 1103 dubium

106 1139 377 1205 videtur
423 1157 579 1206 esse.
673 1138 798 1204 Sed
858 1140 926 1204 id
972 1160 1217 1224 quoque
1291 1141 1694 1207 statuendum
1741 1160 1879 1206 esse
1930 1144 2083 1226 puto
2147 1161 2220 1206 ex

106 1243 243 1307 hac
277 1262 366 1323 re,
404 1263 546 1308 cum
580 1243 964 1310 Commodus
1000 1247 1254 1327 praeter
1285 1263 1503 1311 omnes
1533 1247 1946 1329 imperatores
1981 1245 2223 1311 nefaria

108 1451 372 1543 sincera
417 1451 668 1517 animae
715 1453 954 1535 pietate
1002 1454 1083 1517 ad
1129 1454 1281 1519 deos
1339 1453 1639 1520 colendos
1687 1454 2047 1532 duceretur,
2095 1471 2222 1518 non

114 1555 348 1638 colligi
406 1574 590 1638 posse
671 1557 808 1620 tum
853 1556 1126 1622 Mithrae
1187 1556 1424 1622 cultum
1456 1557 1685 1622 'tantis
1750 1558 1818 1622 in
1876 1557 2221 1624 honoribus

116 1678 265 1723 esse
331 1661 673 1738 versatum,
734 1662 805 1729 ut
860 1659 1210 1744 imperator
1267 1661 1403 1745 ipse
1468 1680 1610 1725 eum
1672 1662 1877 1727 colere
1941 1662 2217 1727 deberet.

112 1764 213 1828 At
284 1782 513 1828 arcana
581 1782 692 1828 seu
759 1765 1068 1848 mysteria
1134 1765 1495 1843 Mithriaca,
1568 1785 1708 1830 cum
1780 1764 2220 1830 satisfacerent

115 1866 336 1947 pravis
385 1866 581 1935 animi
630 1866 804 1935 illius
851 1867 1255 1950 imperatoris
1316 1869 1850 1947 contentionibuS,
1913 1869 2026 1935 illo
2090 1858 2222 1934 iam

113 1971 414 2052 tempore
478 1969 659 2034 valde
724 1990 862 2036 esse
929 1973 1270 2054 depravata
1339 1973 1663 2056 Lampridi
1728 1992 1973 2056 quoque
2035 1974 2221 2038 testi-

114 2073 569 2139 moniumnos
617 2075 820 2140 docet.

300 2265 665 2332 Adnumero
715 2267 824 2333 ‚ad
890 2265 1261 2332 testimonia
1333 2268 1630 2351 exposita
1699 2269 1893 2334 verba
1950 2269 2218 2334 Himerii

111 2369 315 2457 Ἡλίῳ
375 2370 622 2459 Μίθρᾳ
687 2372 901 2461 ψυχὴν
960 2372 1374 2461 καθάραντες
1430 2373 1538 2439 καὶ
1592 2374 1859 2456 βασιλεῖ
1904 2384 2002 2461 τῷ
2045 2376 2218 2466 φίλῳ

110 2482 314 2553 θεοῖς
348 2476 473 2563 ἤδη
520 2474 630 2543 dcc?
656 2482 837 2542 θεῶν
867 2474 1337 2564 συγγενόμενοι,
1373 2477 1534 2566 φέρε
1563 2479 1705 2543 τινα
1729 2484 1824 2565 τῷ
1853 2505 1923 2546 τε
1951 2473 2223 2563 βασιλεῖ

112 2580 229 2645 ’καὶ
274 2585 351 2668 τῇ
394 2574 589 2646 πόλει
648 2578 836 2667 λόγον
894 2577 1036 2646 α’νιὶ
1095 2580 1449 2664 λαμπάδος
1504 2577 1866 2671 οἷνάψωμεν
1913 2581 1982 2663 ¹).
2114 2583 2218 2649 Ad

121 2701 284 2766 quae
350 2681 641 2747 addenda
684 2684 832 2746 sunt
879 2682 1145 2749 orationi
1210 2682 1312 2746 illi
1380 2679 1779 2767 'praescripta
1845 2685 2001 2751 haec
2077 2682 2217 2754 εἶτα

117 2788 258 2875 πρό
303 2794 426 2874 τῆς
468 2785 851 2868 ἐπιδείξεως
894 2788 1231 2866 τελεσθεὶς
1292 2789 1374 2854 w?
1437 2790 1796 2878 Μιθριακιέ
1854 2788 2216 2878 μυστήρια,

122 2894 220 2971 εἲς
263 2918 335 2957 τε
379 2892 494 2978 τήν
538 2887 731 2958 ’πόλιν
768 2891 879 2958 καὶ
908 2892 1183 2975 βασιλέα
1212 2893 1324 2957 τᾶν
1353 2895 1465 2959 καὶ
1503 2895 1582 2981 τῆ
1588 2918 1620 2957 ν
1654 2894 1911 2980 τελετήν
1951 2894 2219 2983 ἱδρυσά-

122 3020 317 3080 μενον
349 2996 721 3062 ὃιείλικεται.
792 2994 883 3058 Ac
913 2995 1187 3078 primum
1238 2995 1500 3077 quidem
1533 3015 1605 3061 ex
1653 2997 1976 3079 scriptoris
2006 2999 2214 3063 verbis

122 3097 281 3181 ipsis
345 3098 482 3162 Soli
545 3098 823 3163 Mithrae
881 3114 1125 3181 quoque
1190 3099 1430 3164 animas
1489 3119 1621 3164 esse
1668 3101 1968 3183 purgatas
2026 3103 2090 3165 et
2135 3101 2213 3165 ab

125 3201 476 3267 orationem
520 3200 813 3267 habituro
875 3202 1060 3266 illum
1107 3203 1312 3266 Deum
1361 3221 1497 3268 esse
1553 3203 1912 3268 invocatum
1985 3204 2211 3268 elucet.

125 3307 286 3371 Tum
320 3323 659 3389 cognoscas
690 3305 1076 3385 Himerium,
1112 3307 1386 3371 scribam
1428 3306 1853 3389 imperatoris,
1886 3307 2212 3373 ‚lulianum

129 3412 322 3499 φίλον
364 3418 541 3477 θεῶν
584 3409 910 3475 nominare
974 3411 1038 3474 et
1095 3408 1414 3475 affirmare
1475 3430 1544 3475 se
1594 3430 1737 3475 cum
1785 3430 1857 3476 eo
1904 3429 2016 3493 per
2062 3411 2211 3477 deos

129 3532 265 3579 esse
326 3514 750 3581 coniunctum.
842 3512 1140 3593 Quamvis
1201 3516 1413 3580 autem
1471 3517 1757 3581 constare
1815 3516 2099 3581 videatur
2147 3517 2212 3580 et

128 3619 577 3700 imperatorem
625 3618 690 3682 et
736 3617 1133 3698 scriptorem,
1177 3637 1317 3682 cum
1348 3619 1621 3683 Mithrae
1655 3620 1849 3683 sacris
1884 3618 2210 3697 favissent,

125 3720 561 3787 familiaritate
591 3741 737 3787 usos
771 3741 923 3801 esse,
955 3723 1172 3786 tamen
1195 3741 1430 3800 vereor,
1468 3742 1546 3787 ne
1572 3724 1779 3788 verbis
1803 3724 2211 3806 praescriptis

128 3825 573 3891 declamationi
636 3826 827 3890 fidem
888 3826 1142 3891 omnino
1211 3826 1511 3891 tribuam.
1612 3827 1973 3891 Verisimile
2038 3827 2207 3902 enim

128 3932 223 3996 est
268 3949 433 4008 eum,
482 3931 588 4013 qui
634 3929 747 3994 illa
791 3930 1066 4012 scripsit,
1115 3950 1187 3995 ex
1233 3929 1506 3995 Himerii
1553 3930 1762 3995 verbis
1805 3930 1914 3994 illa
1957 3932 2208 3995 tantum

126 4035 453 4101 iudicasse.
549 4033 942 4107 Conferenda
999 4053 1140 4100 cum
1198 4034 1475 4099 Himerii
1531 4031 1901 4100 testimonio
1962 4055 2206 4121 quoque

263 4210 301 4275 ¹)
357 4205 440 4263 cd.
479 4203 567 4259 Fr.
592 4206 814 4261 Diibner
848 4205 935 4274 (cf.
961 4204 1258 4277 Eunapius)
1283 4208 1369 4271 60,
1395 4207 1619 4263 33-36,
1658 4208 1865 4272 30-33
1892 4206 2208 4276 (5Ο2-514)

133 4295 371 4353 Declam.
408 4292 588 4347 XXIV
624 4291 710 4346 Or.
750 4292 869 4346 VII.
907 4291 1125 4347 Parisiis
1164 4292 1312 4344 1849.
1385 4293 1457 4345 4⁰.

1826 4399 1893 4453 3*

2289 2273 2379 2328 XX.
2416 2275 2681 2334 Himerius.
