2925 4802
1214 217 1294 281 31

214 425 549 489 Eubulum
588 424 761 489 *male
809 423 1181 488 disseruisse
1230 424 1470 500 credaS‚
1519 442 1660 487 cum
1725 421 1963 503 optime
2027 438 2141 485 nec
2187 440 2310 486 non

217 528 704 594 accuratissime
734 526 939 592 locum
972 527 1200 608 templi
1234 529 1298 592 et
1326 526 1636 608 templum
1668 523 1875 606 ipsum
1911 525 2312 590 describeret.

218 630 357 699 Sed
404 634 688 715 nostrum
732 650 857 696 non
900 632 995 695 est
1027 631 1103 695 de
1142 632 1467 694 Persarum
1498 629 1807 712 religione
1839 629 2021 711 plura
2051 648 2316 712 cognos-

217 746 393 816 cere,
443 756 630 819 quam
679 737 756 801 ob
816 755 953 808 rem
1015 735 1107 799 nil
1168 733 1456 799 addimus
1510 733 1634 797 nisi
1708 734 1874 814 quod
1934 734 2013 798 ad
2074 734 2313 798 cultum

219 843 441 925 ipsum
501 840 840 924 pertineat.
922 839 1018 902 Ac
1063 837 1333 920 primum
1380 837 1656 921 quidem²
1721 855 1864 900 cum
1912 836 2020 903 alii
2068 856 2313 920 quoque

217 945 575 1027 scriptores
605 962 720 1010 nos
762 943 1091 1008 docuerint
1129 942 1195 1005 in
1226 942 1496 1023 spelaeis
1517 942 1809 1006 ‘Mithrae
1843 940 2080 1005 cultum
2122 940 2314 1006 etiam

219 1070 263 1113 a
294 1050 597 1115 Romanis
644 1064 776 1114 esse
825 1050 1174 1130 peractum,
1223 1046 1361 1129 quis
1410 1047 1508 1110 est
1555 1045 1662 1128 qui
1695 1045 1941 1110 dubitet
1983 1045 2135 1140 quin
2181 1045 2314 1109 iure

218 1155 587 1236 meritoque
623 1172 695 1217 ea
733 1170 889 1236 quae
938 1151 1209 1232 scriptor
1268 1153 1483 1215 narrat
1530 1151 1606 1215 de
1642 1150 2044 1233 spelaeorum
2094 1151 2316 1214 ornatu

222 1259 294 1321 et
382 1252 878 1334 constructione,
957 1253 1037 1319 ad
1111 1256 1539 1319 Romanorum
1617 1253 1739 1318 Dei
1826 1254 1990 1318 Solis
2072 1272 2315 1336 quoque
2375 1342 2382 1347 θ
2459 1300 2462 1301 ⁷

222 1360 699 1426 venerationem
732 1358 1098 1424 referantur.
1157 1359 1477 1435 Romanos
1516 1359 1724 1422 autem
1758 1359 2003 1439 patrem
2038 1360 2100 1422 et
2143 1376 2317 1422 crea-

219 1465 434 1528 torem
479 1463 700 1527 mundi
741 1461 1042 1527 Mithram
1077 1461 1324 1526 duxisse
1368 1462 1509 1546 quis
1551 1463 1647 1527 est
1694 1461 1802 1544 qui
1848 1463 2046 1543 putet.
2094 1463 2318 1526 Restat

219 1570 297 1634 ut
344 1586 650 1650 exponam
693 1568 1006 1632 Eubulum
1065 1567 1368 1650 scriptore
1417 1568 1692 1653 quodam
1739 1568 1895 1631 duce
1956 1566 2029 1630 de
2075 1566 2317 1631 Mithra

224 1672 616 1737 disseruisse.
693 1672 845 1738 Cum
881 1670 1048 1735 enim
1083 1673 1294 1736 narret
1341 1671 1419 1736 de
1468 1671 1592 1735 situ
1644 1671 1881 1753 spelaei
1922 1689 1959 1733 a
1988 1671 2315 1736 Zoroastre

225 1776 493 1855 conditi,
519 1775 819 1858 patefacit
843 1793 908 1839 se
935 1775 1360 1839 narrationem
1392 1775 1707 1857 quandam
1739 1776 1931 1858 sequi.
1979 1776 2314 1858 Nunquam

195 1881 401 1962 ,enim
450 1881 503 1944 si
562 1880 768 1944 locum
823 1878 960 1959 ipse
1006 1879 1275 1945 vidisset
1315 1880 1409 1943 ita
1456 1881 1625 1944 esset
1669 1879 1933 1945 locutus.
1995 1880 2189 1944 Plura
2235 1878 2310 1943 de

224 1984 462 2050 Eubuli
510 1984 674 2049 libro
722 1984 844 2048 fide
893 1983 1087 2066 digna
1134 2003 1257 2048 non
1301 1982 1506 2049 habeo
1555 2002 1712 2068 quae
1760 1983 1987 2053 dicam.

401 2124 542 2187 Nec
607 2123 1171 2205 praetermittenda
1226 2125 1372 2188 sunt
1427 2125 1617 2188 verba
1659 2123 1998 2209 Porphyrii
2042 2126 2297 2191 καταλυ·

224 2235 431 2312 θῆναι
485 2227 556 2294 δὲ
616 2228 738 2305 τοὶς
792 2227 1362 2315 ἀνθρωποθυσίας
1408 2232 1637 2311 σχεδόν
1693 2231 1813 2309 τάς
1871 2229 2054 2319 παρὰ
2114 2239 2315 2298 πᾶσιν

228 2330 397 2419 φησὶ
427 2326 701 2409 Πάλλας
731 2327 766 2395 ὁ
796 2332 1038 2420 ἄριστα
1066 2332 1149 2399 τοὶ
1173 2333 1326 2421 περὶ
1355 2336 1486 2397 τῶν
1513 2344 1640 2398 τοῦ
1670 2333 1917 2422 Μίθρα
1950 2333 2316 2422 συναγαγών

224 2435 599 2524 μυστηρίων
665 2434 778 2500 ἐπὶ
820 2437 1163 2523 Ἀδριανοῦ·
1222 2445 1346 2503 τοῦ
1408 2434 1889 2526 αὐτοκράτορος
1916 2438 1983 2522 1).
2075 2437 2314 2517 Quibus

225 2537 439 2603 verbis
485 2535 645 2600 mihi
687 2540 937 2603 tantum
985 2541 1271 2604 constare
1318 2540 1566 2604 videtur
1594 2540 1946 2606 Pallantem
1991 2542 2153 2608 libro
2199 2542 2313 2607 1110

229 2661 354 2707 11011
386 2642 592 2705 solum
626 2642 701 2706 de
730 2641 1008 2707 Mithrae
1042 2643 1210 2707 cultu
1242 2646 1354 2709 sed
1386 2645 1582 2709 etiam
1629 2646 1706 2710 de
1756 2644 2021 2710 aliorum
2054 2646 2313 2710 deorum

230 2745 635 2810 veneratione
684 2746 903 2829 egisse.
997 2746 1167 2826 Quae
1214 2748 1307 2812 ita
1363 2747 1560 2814 fuisse
1622 2748 1886 2814 fortasse
1949 2750 2140 2813 etiam
2198 2769 2314 2814 vox

228 2851 603 2938 συναγαγών
662 2850 864 2914 docet.
957 2851 1080 2915 Sed
1146 2851 1450 2917 abhorreo
1513 2872 1549 2916 a
1607 2854 1941 2932 sententia,
2005 2853 2312 2934 scriptore

214 2953 387 3017 duce
466 2971 600 3017 esse
676 2955 1047 3036 putandum,
1127 2955 1206 3019 ad
1278 2956 1625 3022 Mithriaca
1699 2960 1822 3022 rite
1895 2960 2315 3040 perpetranda

226 3055 518 3121 homines
567 3074 809 3139 quoque
845 3075 994 3147 ,esse
1039 3057 1419 3128 immolatos,
1514 3060 1670 3126 Cum
1720 3063 1888 3127 enim
1933 3062 2313 3146 Porphyrius

227 3160 630 3224 meminisset
685 3160 1047 3226 Pallantem
1110 3163 1319 3228 dicere
1386 3166 1694 3229 Hadriani
1755 3166 2146 3247 temporibus
2201 3165 2316 3230 ho-

229 3264 473 3328 minum
499 3265 916 3330 mactationes
949 3285 1087 3330 esse
1111 3267 1388 3346 relictas,
1423 3268 1491 3332 id
1525 3288 1715 3332 unum
1751 3272 2061 3335 memorat
2083 3272 2312 3335 testem

126 3381 131 3382 ’
230 3366 468 3450 optime
515 3366 591 3431 de
638 3367 1204 3460 Mithraequoque
1269 3372 1445 3436 cultu
1495 3371 1732 3438 ‚fecisse
1795 3375 2000 3439 verba.
2090 3377 2315 3440 Restat

229 3475 301 3536 ut
332 3490 823 3537 commemorem
853 3474 1228 3555 scriptorem
1261 3475 1326 3539 in
1357 3475 1718 3542 Mithriacis
1754 3478 2136 3561 exponendis
2166 3481 2315 3544 Pal-

229 3577 471 3640 lantem
510 3576 756 3642 Eubulo
801 3579 1248 3659 anteposuisse.
1322 3578 1523 3659 Quam
1569 3600 1723 3661 rem,
1748 3595 1913 3647 ’611111
1959 3583 2131 3648 aliud
2172 3604 2316 3668 gra·

226 3680 363 3746 vius
409 3681 486 3745 de
533 3681 943 3763 scriptoribus
991 3683 1122 3747 illis
1174 3692 1285 3766 pro
1335 3686 1510 3749 certo
1558 3704 1679 3751 non
1725 3687 2087 3767 habeamus,
2136 3690 2312 3771 parvi

226 3784 418 3869 pretii
466 3786 643 3852 duco,

398 3922 891 3989 Adnumeranda
958 3925 1139 4005 loci8‚
1211 3927 1435 4009 quibus
1502 3928 1887 4013 Porphyrius
1934 3932 2012 3997 de
2072 3884 2314 3998 Mithra

226 4030 529 4112 loquitur,
562 4028 724 4093 mihi
757 4030 1049 4096 videntur
1089 4050 1222 4097 esse
1256 4034 1447 4099 verba
1490 4036 1558 4097 in
1589 4036 1796 4116 capite
1844 4037 2019 4102 sexto
2066 4037 2310 4102 decimo

368 4202 405 4270 ¹)
446 4200 527 4252 ed.
570 4208 624 4254 Α.
655 4201 842 4255 Nauck
876 4205 993 4269 118,
1022 4206 1210 4258 7—10.
1240 4206 1322 4258 De
1354 4206 1556 4262 abstin..
1580 4205 1634 4259 II
1672 4207 1755 4260 56.
1818 4208 2029 4278 Lipsiae
2065 4210 2210 4262 1860.
2239 4211 2310 4266 89.

2382 2125 2458 2182 XV
2500 2126 2548 2180 6.
2566 2127 2796 2209 ‘Porphy-

2537 2213 2658 2251 rruS.

2386 3932 2459 3989 XV
2504 3937 2552 3989 7.
2570 3935 2795 4014 ‘Porphy-

2539 4020 2659 4057 rius.
