2925 4802
1684 212 1767 289 66

697 425 959 500 minime
1029 431 1295 513 constet,
1365 452 1488 516 quo
1550 435 1838 514 tempore
1909 431 2014 516 qui
2083 450 2158 496 ea
2223 429 2469 498 notavit
2540 428 2785 496 vixerit

697 541 761 604 et
839 558 960 623 qua
1019 539 1087 603 in
1154 539 1411 603 civitate
1480 539 1677 604 vitam
1749 536 2013 620 degerit,
2076 536 2170 600 nil
2231 537 2351 601 nisi
2416 554 2573 620 quae
2656 535 2786 599 dixi
2877 562 2880 639 ἶ

696 642 817 709 hoc
862 644 999 709 loco
1049 643 1340 726 cognosci
1385 658 1569 725 posse
1613 642 1975 724 intellegas,
2195 642 2198 643 ⁷

273 841 428 895 XIAII.
466 840 578 919 vita
871 834 1210 918 Reliquum
1237 835 1331 897 est
1363 833 1435 898 ut
1456 833 1671 915 paucis
1694 833 1907 897 notem
1942 832 2008 896 in
2031 831 2515 897 vitaAthanasii
2546 830 2788 896 incerti

260 911 587 1033 51le&ssssssssss-
700 938 989 1017 auctoris.
1040 939 1117 1001 de
1185 948 1395 1002 exorto
1457 936 1736 1001 tumultu
1796 936 1874 1000 ob
1938 936 2449 1019 repurgationem
2510 934 2789 999 Mithrei

336 1042 495 1102 toris.
697 1041 1118 1107 Alexandriae
1164 1043 1421 1107 uberius
1482 1042 1674 1107 verba
1719 1040 1885 1106 facta
1932 1040 2266 1107 exstitisse.
2359 1038 2514 1104 Cum
2564 1039 2788 1102 autem

701 1147 1053 1211 accuratius
1085 1146 1432 1228 inquirenti
1466 1145 1729 1209 minime
1777 1145 1863 1209 sit
1908 1143 2187 1229 dubium,
2238 1144 2390 1226 quin
2436 1162 2467 1207 e
2518 1141 2790 1207 Socrate

703 1268 776 1314 ac
822 1270 854 1314 e
900 1250 1245 1315 Sozomeno
1292 1249 1505 1314 omnia
1549 1251 1678 1314 sint
1724 1251 1965 1328 hausta,
2004 1269 2165 1334 quae
2210 1250 2565 1324 narrentur,
2621 1247 2791 1311 nihil

700 1352 821 1418 hoc
868 1354 1008 1418 loco
1059 1353 1134 1417 de
1181 1354 1259 1418 iis
1308 1373 1443 1419 esse
1489 1373 1700 1418 rursus
1748 1354 2196 1438 disputandum
2241 1352 2572 1435 affirmo.¹)

1173 1754 1275 1832 De
1329 1752 1776 1832 testimoniis
1832 1753 2110 1852 agitur.

673 1960 907 2041 Quibus
942 1961 1231 2027 omnibus
1261 1961 1625 2040 intellectis,
1677 1979 1819 2025 cum
1861 1959 2073 2026 omnia
2105 1978 2260 2042 quae
2310 1960 2666 2040 scriptores
2697 1957 2793 2023 vel

501 2063 725 2130 Graeci
763 2068 864 2131 vel
909 2067 1178 2132 Romani
1224 2067 1301 2131 de
1345 2066 1621 2131 Mithrae
1681 2065 1856 2147 cultu
1898 2064 2152 2130 tradant
2196 2064 2790 2147 pervestigaverim,

500 2172 697 2235 restat
721 2173 792 2237 ut
824 2190 980 2253 quae
1006 2171 1282 2237 omnium
1306 2171 1472 2236 inter
1495 2189 1560 2235 se
1593 2170 1964 2253 compositis
1994 2170 2377 2250 scriptorum
2401 2169 2791 2234 testimoniis

500 2274 812 2340 afferenda
843 2277 992 2340 sunt
1022 2293 1328 2342 enarrem.
1359 2275 1642 2339 Primum
1677 2294 1768 2352 ea,
1804 2274 2025 2358 quibus
2056 2273 2149 2337 nil
2179 2273 2303 2336 nisi
2336 2273 2411 2337 de
2444 2273 2788 2356 Persarum

501 2379 608 2442 aut
674 2378 938 2443 aliarum
1004 2380 1290 2464 gentium
1362 2378 1759 2444 orientalium
1820 2377 2128 2462 religione
2193 2377 2534 2461 scriptores
2609 2377 2789 2444 nobis

500 2483 933 2567 intellegenda
989 2486 1298 2567 praebent
1343 2485 1805 2566 praetereunda
1864 2503 2001 2548 esse
2062 2484 2233 2564 puto,
2341 2483 2502 2547 Sunt
2576 2485 2791 2547 autem

501 2588 871 2652 testimonia
894 2588 1223 2667 Herodoti,
1256 2587 1719 2671 Xenophontis,
1764 2588 2115 2665 Strabonis,
2151 2586 2326 2651 Curti
2357 2586 2519 2663 Rufi,
2560 2584 2790 2669 Papini

504 2691 700 2769 Stati,
763 2691 1089 2756 Plutarchi
1146 2693 1517 2770 secundum,
1576 2692 1863 2770 tertium,
1928 2692 2248 2773 quartum,
2300 2690 2554 2771 Apulei,
2621 2690 2790 2755 Cassi

504 2796 756 2874 Dionis,
814 2796 1150 2875 Athenaei,
1209 2795 1520 2880 Porphyri
1580 2797 1900 2877 quintum,
1957 2795 2137 2859 Flavi
2196 2795 2447 2877 Vopisci
2501 2795 2790 2872 tertium,

500 2899 834 2982 Epiphani,
882 2900 1183 2985 Hesychi,
1248 2900 1568 2978 Ambrosi‚
1640 2898 1987 2978 Claudiani,
2056 2897 2270 2964 Nonni
2316 2891 2789 2980 Panopolitani,

504 3003 837 3081 Martiani,
898 3004 1161 3088 Dionysi
1240 3004 1696 3087 Areopagitae,
1753 3002 1981 3082 Photi,
2050 3002 2265 3067 Nonni
2306 3000 2790 3086 Mythographi,

508 3107 771 3186 Suidae,
826 3107 1142 3172 Eudociae
1202 3107 1845 3185 Macrembolitissae,
1906 3106 2209 3184 Nicetae,
2268 3105 2661 3171 scholiorum
2731 3104 2790 3167 in

502 3212 853 3278 Platonem.
945 3210 1148 3291 Quam
1210 3213 1301 3276 rei
1355 3213 1670 3291 rationem
1716 3210 2126 3275 adhibentem
2173 3197 2366 3275 recte
2408 3228 2510 3274 me
2559 3209 2787 3274 fecisse

506 3319 676 3400 puto,
704 3325 863 3396 cum,
890 3318 1010 3383 etsi
1042 3319 1398 3400 scriptores,
1427 3318 1535 3399 qui
1568 3316 1766 3382 multo
1799 3318 2087 3399 tempore
2118 3316 2265 3398 post
2297 3315 2790 3380 exstinctionem

506 3422 677 3486 illius
710 3421 912 3487 cultus
951 3422 1316 3501 floruerunt,
1351 3422 1618 3504 saepius,
1667 3420 1743 3485 de
1772 3422 2105 3485 Persarum
2146 3419 2458 3501 religione
2506 3420 2791 3484 dicentes

506 3526 769 3591 fortasse
788 3526 879 3589 nil
892 3525 1169 3605 tradunt,
1183 3527 1307 3591 nisi
1323 3546 1476 3609 quae
1491 3527 1569 3590 ad
1580 3526 2004 3591 Romanorum
2015 3525 2133 3590 Dei
2147 3525 2308 3591 Solis
2318 3525 2789 3589 venerationem

509 3619 888 3711 pertineant,
922 3630 1288 3695 abhorream
1320 3631 1397 3695 ab
1431 3629 1562 3694 illis
1591 3628 1978 3695 testimoniis
2009 3630 2088 3694 ad
2119 3628 2289 3692 illius
2316 3627 2520 3692 cultus
2552 3624 2791 3709 peracti

509 3734 937 3816 cognitionem
998 3734 1393 3812 adhibendiS,
1455 3734 1576 3798 nisi
1635 3733 1908 3798 definitis
1969 3732 2176 3797 verbis
2238 3732 2313 3796 de
2368 3733 2789 3796 Romanorum

508 3838 816 3921 religione
882 3837 995 3901 illa
1072 3837 1200 3902 sint
1262 3838 1481 3904 locuti.
1587 3835 1824 3915 Quibus
1893 3836 2300 3900 adnumerem
2367 3834 2567 3898 verba
2636 3850 2789 3916 quae

511 3941 741 4006 nullius
774 3942 850 4005 de
882 3961 949 4005 re
981 3942 1120 4023 ipsa
1143 3942 1336 4028 pretii
1360 3942 1461 4006 vel
1485 3942 1757 4005 maxime
1791 3939 2016 4005 dubiae
2043 3938 2476 4020 explicationis
2499 3938 2791 4001 videntur

653 4118 690 4178 ι)
731 4114 1014 4168 Athanasii
1040 4129 1214 4183 opera.
1255 4083 1564 4183 Sumptibus
1587 4113 1865 4167 Michaelis
1892 4111 2102 4177 Sonnfi,
2127 4110 2335 4167 claudii
2359 4110 2593 4175 Morem,
2631 4108 2789 4163 Seba-

512 4204 673 4259 stiani
710 4202 999 4271 Cramoisy.
1057 4199 1212 4256 Vitae
1249 4220 1301 4269 p.
1339 4203 1406 4253 53
1431 4200 1645 4256 D-54
1672 4201 1737 4254 A.
1806 4199 2024 4253 Parisiis
2064 4200 2213 4254 1627.
2251 4196 2345 4251 fol.
