2925 4802
1162 308 1243 382 41

168 519 384 610 ‹prsis-²)
439 519 786 586 tradentes.
883 517 972 583 At
1025 518 1188 583 mihi
1234 518 1489 601 quidem
1553 520 1836 602 quamvis
1886 518 2245 585 Muenterus

164 641 226 686 v.
262 620 319 686 d.
354 623 421 685 in
471 621 750 688 editione
782 640 895 687 sua
927 622 1119 705 capiti
1152 625 1501 705 praeponat
1537 641 1758 687 voces:
1804 624 1881 686 In
1909 624 2247 690 Mithriaca

164 725 333 791 forte
364 763 451 773 —
481 726 746 791 minime
779 726 934 791 satis
968 727 1258 792 constare
1303 725 1550 791 videtur
1596 728 1787 792 verba
1830 727 1945 792 illa
1987 749 2055 794 re
2099 748 2248 795 vera

118 908 123 912 ὁ
166 831 264 895 adv
294 831 416 894 Dei
464 830 628 895 Solis
673 830 945 897 Mithrae
990 830 1227 895 cultum
1274 831 1610 913 pertinere.
1702 830 1904 911 Quam
1950 833 2030 898 ob
2088 852 2244 911 rem,

167 954 311 999 cum
360 953 432 1000 ea
477 935 1127 1014 commemoraverim,
1175 934 1555 1001 satisfecisse
1601 935 1760 999 mihi
1806 935 2040 1002 videor.

343 1125 612 1190 Restant
657 1124 916 1189 Firmici
964 1124 1237 1190 Materni
1297 1126 1499 1197 verba.
1545 1125 1710 1206 Θεὸς
1774 1125 1845 1194 ἐκ
1910 1127 2157 1218 πέτρας
2175 1128 2246 1210 2).
2318 1133 2732 1190 xxlll4.1‹¹irmi-

165 1228 409 1309 Quibus
474 1229 851 1310 scriptorem
898 1228 1205 1294 Mithram
1269 1229 1625 1314 significare
1687 1230 1851 1295 velle
1914 1231 2251 1296 decernen-

164 1333 319 1397 dum
366 1334 478 1411 est,
525 1333 903 1414 praesertim
951 1353 1092 1398 cum
1142 1334 1404 1399 alterius
1452 1335 1702 1417 profani
1751 1336 2129 1400 sacramenti
2166 1335 2251 1399 si-

162 1455 368 1519 gnum
414 1436 572 1500 illud
619 1456 751 1502 esse
799 1436 1091 1502 affirmet.
1167 1439 1390 1520 Itaque
1422 1437 1644 1504 eadem
1675 1438 1805 1502 fere
1846 1438 2011 1503 *dicit
2052 1439 2252 1522 scrip-

152 1545 270 1608 -tor
340 1561 500 1624 quae
569 1541 1052 1608 Commodianus
1118 1542 1333 1608 tradit.
1434 1541 1570 1622 Qua
1619 1561 1688 1606 re
1756 1543 2039 1625 cognita,
2110 1561 2249 1608 cum

162 1646 412 1728 optime
459 1645 802 1710 Firmicum
848 1644 1124 1728 profanis
1184 1646 1602 1730 religionibus
1662 1646 1974 1712 studuisse
2039 1666 2111 1711 ex
2168 1648 2249 1712 iis

162 1768 416 1833 quoque
465 1769 619 1834 quae
666 1767 854 1832 supra
908 1749 1475 1815 demonstravimus
1537 1750 1805 1829 eluceat,
1881 1750 1981 1816 his
2041 1752 2258 1817 verbis

162 1856 231 1920 et
280 1852 723 1918 Commodiani
773 1853 1136 1919 testimonio
1196 1854 1385 1919 fidem
1448 1854 1867 1920 attribuentes
1921 1855 2252 1921 statuimus

160 1958 379 2022 Deum
423 1957 636 2023 Solem
681 1955 987 2023 Mithram
1035 1960 1099 2023 et
1145 1977 1181 2023 a
1210 1957 1419 2022 Persis
1470 1960 1535 2024 et
1579 1978 1616 2023 a
1657 1959 1962 2024 Romanis
2007 1978 2040 2023 e
2087 1960 2252 2025 saxis

159 2064 388 2127 natum
436 2078 568 2126 esse
615 2062 852 2128 fictum.

347 2235 679 2301 Accedunt
722 2236 914 2300 verba
957 2234 1263 2319 Hesychii
1308 2235 1723 2301 Alexandrini

484 2341 756 2430 μίθρας.
846 2340 882 2410 ὁ
926 2338 1112 2429 ἥλιος
1155 2343 1337 2431 παροέ
1384 2342 1682 2430 Πέρσαις

487 2444 785 2535 Μίθρης.
876 2447 911 2512 ὁ
958 2453 1222 2533 πρῶτος
1266 2444 1330 2511 ἐν
1373 2446 1669 2536 Πέρσαις
1714 2448 1871 2527 θεὸς
1903 2445 1977 2526 ³).

348 2548 524 2630 Quae
591 2568 728 2615 cum
790 2549 884 2615 ita
953 2548 1100 2627 sint,
1166 2548 1452 2615 dubitare
1511 2569 1637 2614 non
1707 2568 2035 2631 possumus
2104 2552 2251 2636 quin

163 2654 447 2739 scriptor
474 2655 665 2720 verba
693 2654 943 2744 ,ιιίθρας
974 2656 1038 2718 et
1067 2655 1348 2743 Μίθρης
1378 2654 1544 2722 inter
1567 2672 1641 2719 ‚se
1675 2655 2026 2739 discrepare
2057 2659 2250 2739 putet.

164 2760 330 2825 Cum
363 2762 571 2825 autem
603 2758 796 2824 ceteri
829 2778 1064 2836 omnes,
1099 2756 1204 2840 qui
1245 2759 1321 2823 de
1368 2777 1441 2823 ea
1472 2778 1539 2822 re
1573 2758 1938 2839 disseruere,
1973 2760 2255 2825 statuant

161 2883 363 2930 unum
395 2866 640 2929 tantum
671 2864 1000 2928 Persarum
1035 2863 1220 2928 deum
1249 2863 1556 2928 Mithram
1590 2863 1797 2943 fuisse,
1847 2864 1985 2946 quis
2019 2867 2114 2929 est
2147 2866 2253 2948 qui

163 2969 392 3035 credat
447 2970 608 3034 hanc
665 2968 985 3051 scriptoris
1045 2966 1425 3032 sententiam
1486 2967 1804 3033 cuiusdam
1867 2988 1999 3034 esse
2044 2970 2252 3053 pretii.

164 3075 329 3141 Cum
376 3073 468 3139 ita
499 3074 866 3155 scriptorem
909 3071 1247 3138 Mithriaca
1289 3071 1545 3136 Persica
1592 3071 1721 3137 fere
1768 3072 2089 3157 ignorasse
2137 3092 2253 3138 nec

162 3199 294 3246 non
322 3178 445 3242 nisi
486 3178 561 3243 de
583 3178 918 3242 Persarum
949 3176 1122 3240 cultu
1143 3174 1420 3241 locutum
1450 3195 1585 3242 esse
1618 3175 1957 3256 videamus,
1991 3176 2253 3241 minime

160 3281 422 3349 uberius
452 3281 925 3364 investigemus,
976 3299 1099 3363 qua
1143 3279 1217 3346 de
1250 3298 1437 3345 causa
1469 3280 1638 3346 dicta
1672 3280 1801 3344 sint
1845 3279 1962 3343 illa
2008 3278 2043 3345 ὁ
2077 3291 2254 3370 πρῶ-

160 3415 280 3470 τος
342 3387 408 3455 ἐν
452 3386 749 3477 Πέρσαις
796 3387 978 3468 θεός.
1073 3387 1162 3452 At
1199 3382 1472 3452 fortasse
1510 3371 1654 3450 iure‘
1698 3384 2044 3467 meritoque
2090 3383 2256 3451 iudi-

163 3513 271 3559 ces
305 3492 625 3578 Hesychio
653 3491 893 3556 cultum
912 3490 1031 3555 Dei
1058 3490 1224 3555 Solis
1247 3509 1358 3573 per
1380 3489 1721 3571 imperium
1744 3491 2098 3554 Romanum
2133 3488 2256 3553 dif-

162 3598 378 3663 fusum
425 3616 546 3662 non
593 3595 965 3662 innotuisse.

350 3770 472 3835 Sed
502 3769 873 3836 Ambrosius
908 3788 1151 3852 quoque
1182 3786 1384 3852 pauca
1416 3768 1492 3833 de
1525 3768 1803 3833 Mithrae
1836 3768 2006 3832 cultu
2037 3766 2252 3832 tradit.

162 3876 238 3939 In
299 3875 574 3957 epistola
620 3874 787 3939 enim
833 3873 1204 3939 duodecima
1261 3872 1407 3938 libri
1468 3871 1719 3937 secundi
1764 3871 2033 3953 legimus
2089 3869 2259 3949 Quid

351 4050 391 4115 ¹)
428 4050 464 4102 1.
502 4066 546 4103 c.
583 4050 668 4114 26,
709 4049 928 4101 14—15.
966 4047 1080 4115 (fol.
1117 4063 1145 4099 c
1185 4048 1248 4097 19
1283 4045 1420 4112 b18)

348 4136 390 4204 ²)
428 4135 463 4189 l.
502 4136 666 4200 c.*28,
703 4137 839 4186 2—3
877 4134 988 4199 (fol.
1027 4150 1056 4187 c
1091 4136 1160 4186 20
1197 4132 1348 4201 820).
1390 4160 1454 4169 -

344 4221 386 4289 ³)
425 4221 506 4277 ed.
560 4222 629 4275 M.
675 4220 921 4276 Schmidt
976 4220 1128 4285 1046,
1181 4220 1404 4272 23-30.
1452 4219 1684 4272 Lexicon
1733 4218 1813 4271 ed.
1865 4219 1995 4271 min.
2032 4217 2114 4271 ed.
2161 4217 2254 4271 alt.

163 4310 337 4365 Jenae
381 4309 534 4364 1867.
607 4308 681 4361 4⁰.

2339 1222 2423 1260 cus
2467 1205 2733 1259 MaternuS.

2357 2226 2506 2281 XXIV.
2525 2226 2700 2298 'Hesy-

2452 2295 2610 2352 chius-

2347 3771 2471 3826 XXV.
2501 3772 2715 3851 ‘Ambro-

2472 3858 2592 3896 suis.
