2925 4802
1206 294 1286 357 15

374 500 568 565 Aliud
640 499 966 564 Plutarchi
1050 499 1492 564 testimonium
1578 498 1848 582 legimus
1934 498 2001 562 in
2077 497 2286 580 capite
2374 503 2753 558 V14.P1utar-

183 604 676 688 quadragesimo
724 604 896 668 sexto
942 602 1090 668 libri
1139 604 1217 668 de
1252 603 1421 667 Iside
1465 604 1531 668 et
1562 602 1828 669 Osiride.
1895 602 2104 667 Verba
2143 603 2289 667 sunt

181 711 405 774 autem
436 709 594 773 haec
631 707 848 788 Οὗτος
879 706 993 775 οὖν
1020 706 1239 776 ἐκάλει
1281 710 1395 775 τὸν
1423 710 1543 792 μὲν
1566 709 2131 785 ’.ΩΡΟΜΑΖΗΜ
2176 709 2290 773 τόν

184 814 264 880 δὲ
299 811 915 880 'APEIMANION
932 813 1045 879 καὶ
1080 811 1687 901 προσαπεφαίνετο,
1717 812 1832 882 τὸν
1867 810 1987 895 μὲν
2015 809 2288 877 ἐοικέναι
2323 800 2334 819 ’

187 918 372 1006 φωτὶ
413 917 701 1002 μα’λιστα
745 927 877 983 τῶν
921 915 1278 1003 αἰσθητῶν,
1326 917 1439 983 τὸν
1483 916 1557 981 δὲ
1604 911 1881 1000 ἔμπαλιν
1926 913 2135 1002 σκότῳ
2180 915 2284 981 καὶ

185 1020 440 1107 ἀγνοίᾳ.
530 1021 727 1104 μέσον
783 1022 856 1089 δὲ
894 1019 1150 1109 οἷμφοῒν
1191 1022 1300 1088 τόν
1345 1024 1738 1089 ΜΙΘΡΗΝ
1776 1011 1957 1085 εἶναι.
2028 1019 2133 1086 διὸ
2178 1019 2288 1084 καὶ

186 1124 475 1212 Μίθρην
548 1124 805 1212 Πέρσαι
877 1127 988 1191 τόν
1060 1122 1325 1209 μεσίτην
1400 1122 1827 1207 ὀνομάζουσιν
1853 1121 1924 1204 ¹).
2052 1121 2286 1204 Negari

190 1226 421 1309 nequit
479 1226 682 1292 multa
728 1227 804 1292 de
852 1227 1021 1293 cultu
1069 1227 1184 1292 illo
1230 1226 1330 1291 his
1373 1226 1582 1292 verbis
1632 1225 1924 1309 intellegi
1972 1244 2171 1306 posse.
2203 1263 2290 1270 ——

194 1332 296 1395 Ac
343 1331 615 1413 primum
663 1331 939 1415 quidem,
997 1333 1282 1416 quamvis
1340 1331 1497 1423 falso
1556 1331 1866 1395 iudicasse
1915 1331 2288 1413 scriptorem

190 1435 462 1501 minime
520 1438 789 1516 constet,
836 1439 1071 1515 tamen,
1130 1455 1269 1501 cum
1316 1435 1587 1501 Romani
1643 1455 1767 1500 non
1825 1434 2287 1518 distinguerent

189 1539 367 1605 inter
396 1541 629 1605 bonum
663 1542 845 1606 deum
880 1544 944 1606 et
975 1541 1233 1618 malum,
1267 1540 1336 1604 id
1365 1559 1555 1604 unum
1581 1539 1916 1623 intellegas
1948 1533 2285 1603 Plutarcho

188 1643 529 1708 Persarum
577 1644 832 1728 quidem
882 1645 1116 1709 cultum
1146 1643 1555 1711 Mithriacum
1588 1645 1775 1726 plane
1807 1644 2025 1708 notum
2072 1642 2285 1708 fuisse.

192 1748 711 1814 Commemorare
752 1748 942 1814 liceat
998 1749 1375 1832 scriptorem
1409 1748 1535 1813 alio
1567 1748 1703 1813 loco
1736 1748 1895 1811 nihil
1930 1747 2006 1811 de
2037 1747 2290 1813 Persica

197 1853 449 1934 origine
511 1853 840 1936 religionis
899 1853 1068 1918 illius
1133 1854 1379 1932 dicere,
1444 1872 1630 1936 quam
1697 1854 1775 1918 ob
1845 1872 1977 1917 rem
2042 1848 2289 1917 videtur

203 1958 467 2040 putasse
541 1957 879 2021 Persarum
925 1956 1163 2022 cultum
1198 1957 1472 2021 Mithrae
1530 1957 1718 2022 fuisse
1755 1957 1965 2035 alium,
2015 1956 2205 2020 aliam
2253 1973 2290 2018 a

207 2060 438 2144 piratis
499 2062 577 2126 ad
622 2063 942 2127 Romanos
984 2062 1358 2127 translatam
1412 2061 1887 2126 venerationem
1947 2060 2069 2125 Dei
2122 2058 2288 2125 Solis

197 2166 337 2230 nisi
381 2166 541 2231 forte
576 2166 1065 2231 existimandum
1112 2167 1209 2231 est
1254 2165 1368 2229 illo
1416 2166 1723 2248 tempore,
1773 2185 1896 2248 quo
1942 2166 2018 2230 de
2049 2164 2291 2229 Mithra

192 2290 239 2334 a
282 2270 586 2334 Romanis
633 2271 803 2335 culto
855 2270 1233 2349 disserebat,
1300 2289 1439 2334 eum
1499 2270 1683 2353 plane
1731 2270 2065 2335 Persarum
2111 2268 2287 2333 illam
2353 2286 2356 2289 ¹

190 2372 584 2456 religionem
615 2375 956 2459 ignorasse.
1029 2375 1175 2440 Non
1223 2374 1391 2439 enim
1425 2393 1791 2458 persuasum
1838 2373 2041 2439 habeo
2088 2372 2288 2456 scrip-

192 2481 428 2558 torem,
492 2499 633 2544 cum
695 2479 1010 2562 originem
1056 2477 1262 2543 cultus
1315 2496 1349 2541 e
1404 2478 1677 2542 Persicis
1730 2477 2082 2543 Mithriacis
2145 2476 2286 2541 duci

188 2581 637 2662 intellexisset,
671 2582 986 2647 affirmare
1033 2582 1316 2664 potuisse
1374 2602 1411 2646 a
1466 2582 1690 2665 piratis
1744 2584 2061 2647 Romanos
2109 2581 2287 2645 illam

190 2686 576 2770 religionem
639 2687 956 2769 accepisse
1021 2705 1221 2769 neque
1281 2686 1603 2751 addidisse
1670 2686 1910 2751 cultum
1978 2686 2182 2769 ipsum
2253 2703 2289 2748 a

192 2792 418 2856 Persis
448 2789 529 2855 ad
561 2790 716 2855 alios
740 2791 1007 2873 populos
1042 2808 1174 2854 esse
1208 2790 1605 2854 translatum.
1656 2789 1826 2870 Quae
1850 2810 1987 2855 cum
2023 2791 2114 2854 ita
2138 2790 2286 2867 sint,

195 2895 477 2970 alterum
508 2893 813 2958 habemus
841 2893 1286 2959 testimonium
1331 2892 1425 2957 illi
1462 2893 1783 2958 Plutarchi
1831 2893 2176 2959 narrationi
2210 2893 2286 2957 de

195 2996 455 3081 origine
515 2998 719 3062 cultus
766 2996 1088 3062 Mithriaci
1156 2994 1321 3080 apud
1380 2998 1699 3062 Romanos
1758 2997 2086 3062 minimam
2152 3013 2289 3060 esse

193 3103 397 3168 fidem
441 3102 867 3167 tribuendam.

379 3241 752 3307 Plutarchus
797 3241 862 3305 in
907 3241 1068 3306 libro
1116 3242 1192 3306 de
1238 3240 1603 3306 fluminibus
1643 3240 1908 3324 denique
1944 3242 2020 3305 de
2050 3240 2287 3306 Mithra

190 3346 401 3412 tradit
442 3346 636 3410 verba
681 3347 836 3410 haec
889 3347 1164 3437 Μίθρας
1219 3345 1354 3415 υἱὸν
1398 3343 1564 3430 ἔχειν
1605 3346 2012 3433 βουλόμενος,
2060 3348 2167 3413 καὶ
2211 3345 2287 3414 τό

192 3457 334 3517 τῶν
398 3461 709 3538 γυναικῶν
770 3451 948 3539 γένος
1026 3458 1241 3536 μισιῦν
1321 3450 1530 3540 πέτρᾳ
1615 3451 1739 3516 τινὶ
1802 3450 2281 3541 προςεξέθερεν.

178 3540 453 3643 ’Έγκυος
497 3555 568 3620 δὲ
607 3556 644 3621 ὁ
676 3555 870 3634 λίθος
900 3551 1255 3641 γενόμενος,
1285 3556 1450 3639 μετα
1497 3556 1653 3634 τούς
1689 3551 2087 3645 ὡρισμένους
2131 3552 2286 3644 χρό-

193 3682 356 3735 νους
427 3658 703 3725 ἀνέδωκε
775 3660 912 3725 νέον
983 3661 1271 3743 τοῦνομα
1340 3659 1632 3748 Λίορφον
1651 3659 1724 3740 ²).
1844 3659 1940 3722 De
2009 3677 2073 3722 re
2149 3657 2287 3740 ipsa

198 3759 507 3826 disserere
538 3762 796 3846 longum
830 3762 1234 3845 ineptumque
1268 3764 1381 3828 est.
1472 3762 1545 3826 Id
1578 3782 1765 3826 unum
1799 3777 2284 3825 commemorem

200 3875 236 3928 e
283 3864 499 3931 fabula
543 3866 658 3931 illa
702 3869 954 3931 narrata
999 3867 1242 3930 elucere
1287 3867 1541 3950 putasse
1589 3867 1960 3948 scriptorem
2017 3865 2283 3930 feminas

204 3987 243 4033 a
317 3969 492 4033 cultu
562 3968 835 4034 Mithrae
901 3970 1067 4051 apud
1134 3971 1357 4035 Persas
1424 3969 1609 4036 valde
1685 3970 2092 4038 abhorruisse.
2198 3969 2286 4033 At

388 4112 426 4174 ¹)
461 4107 689 4163 Moralia
736 4108 818 4162 ed.
865 4109 923 4163 D.
980 4109 1333 4178 Wyttenbach
1370 4109 1450 4163 11²
1488 4110 1766 4160 513—514
1802 4109 1925 4176 (369
1951 4109 2035 4175 E).
2094 4106 2285 4161 Oxonii

239 4194 273 4244 7
352 4234 362 4245 .
435 4195 472 4247 0.

208 4194 237 4245 l
275 4193 345 4247 96
384 4193 434 4346 23⁵
464 4280 497 4333 1⁷
538 4296 581 4335 ο.
622 4280 694 4334 v³
732 4282 868 4335 1049
901 4282 1059 4351 (1165
1097 4280 1178 4349 Β).
1240 4280 1431 4337 Oxonii
1471 4281 1623 4335 1802.
1658 4281 1732 4334 8⁰.

2496 572 2631 628 chuS.

2376 3265 2434 3320 v1
2488 3268 2537 3318 5.
2563 3263 2754 3320 Plutar-

2496 3335 2633 3442 (1111ιὲ.
