2925 4802
1157 255 1241 320 49

138 468 319 546 1666,
362 466 434 530 ut
480 463 939 531 controversias
971 464 1049 528 de
1103 463 1514 546 scriptoribus
1546 480 1765 528 omnes
1798 481 2242 547 cognoscamus

138 573 212 636 et
264 587 718 634 enumeremus,
776 568 929 632 Cum
977 569 1190 633 autem
1232 568 1444 632 utrum
1489 567 1651 630 alter
1705 566 1970 631 alterum
2012 585 2244 651 cogno-

134 674 321 738 verit
351 692 546 737 necne
596 692 721 737 11611
752 672 907 737 satis
948 670 1273 737 definitum
1315 672 1422 749 sit,
1473 672 1659 752 atque
1703 689 1860 752 quae
1885 669 2244 735 referuntur

141 775 227 841 de
296 775 595 841 Mithraei
656 776 1098 858 repurgatione
1160 774 1389 839 idonea
1465 794 1600 838 esse
1671 774 2022 853 videantur,
2086 793 2242 857 quae

138 878 320 945 hanc
369 878 794 962 quaestionem
843 879 1205 957 decernant,
1255 881 1470 959 paucis
1517 897 2022 958 commemorem,
2087 873 2242 962 quae

138 983 279 1047 viri
355 983 527 1047 docti
604 982 680 1048 de
761 982 878 1047 hac
960 1002 1028 1049 re
1111 981 1547 1051 iudicaverint.
1639 984 1921 1049 Valesius
1955 984 2004 1065 ¹)
2078 1003 2133 1051 v,
2184 983 2240 1051 d.

142 1086 417 1171 quidem
463 1087 569 1169 qui
615 1087 859 1169 primus
905 1104 1022 1150 nec
1083 1105 1209 1151 non
1275 1088 1514 1170 optime
1565 1089 1639 1153 (16
1696 1089 1954 1154 Socrate
2004 1107 2076 1152 66
2122 1089 2238 1153 So-

141 1197 421 1254 66111666
440 1190 718 1273 scripsit,
753 1189 906 1274 quin
933 1190 1038 1254 hic
1061 1190 1240 1256 illum
1267 1193 1654 1276 excerpserit
1684 1193 1946 1258 minime
1974 1193 2241 1260 dubitat.

138 1294 239 1359 At
302 1293 776 1360 Holzhausenus
803 1294 855 1376 ²)
931 1292 1095 1359 hanc
1158 1295 1522 1378 opinionem
1586 1298 1789 1362 causis
1855 1296 2243 1380 gravissimis

143 1397 491 1477 refutavit,
564 1418 705 1462 cum
770 1399 1144 1464 Rosenstein
1173 1397 1227 1481 ³)
1294 1401 1400 1483 qui
1462 1401 1983 1467 dissertationem
2051 1400 2245 1465 Holz-

140 1500 425 1567 hauseni
489 1502 813 1584 ignorasse
871 1503 1136 1582 videtur,
1189 1504 1510 1569 Valesium
1556 1507 1729 1570 recte
1775 1505 2092 1570 iudicasse
2140 1522 2244 1568 611·

146 1605 381 1686 ponat.
473 1605 764 1671 Aliorum
811 1606 1181 1689 sententiae,
1248 1628 1390 1673 cum
1437 1609 1528 1673 nil
1575 1610 1723 1674 novi
1785 1629 1896 1675 1166
1959 1609 2242 1686 doceant,

148 1709 382 1791 magni
428 1710 738 1776 momenti
784 1731 910 1777 non
959 1712 1122 1776 sunt.

333 1829 433 1894 Ac
482 1830 783 1927 primum·
826 1832 1083 1915 quidem
1147 1852 1301 1916 quae
1369 1835 1444 1898 de
1493 1851 1876 1917 paganorum
1931 1833 2242 1899 seditione

145 1933 267 1998 ina
336 1933 696 1999 referuntur
740 1937 1229 2018 pertractemus,
1301 1937 1530 2002 deinde
1589 1938 2013 2017 exhibeamus,
2085 1957 2241 2020 quae

149 2039 232 2103 (16
283 2037 562 2104 Mithrae
627 2040 796 2103 cultu
841 2040 979 2122 ipso
1026 2041 1320 2124 cognosci
1364 2042 1630 2125 possint,
1693 2044 1835 2110 tum
1894 2042 2239 2121 videamuS,

134 2160 319 2225 ,(1666
354 2143 518 2208 ratio
565 2142 649 2208 sit
688 2143 856 2208 inter
886 2145 1226 2228 scriptores
1258 2145 1398 2211 illos
1432 2147 1919 2227 ecclesiasticOS,
1969 2146 2241 2229 denique

148 2245 643 2330 investigemuS,
693 2266 852 2330 quae
885 2249 963 2314 (16
997 2248 1421 2316 destructione
1468 2251 1851 2335 templorum
1884 2250 2241 2317 'Iheodosio

149 2349 418 2416 iubente
466 2351 890 2418 Alexandriae
935 2352 1288 2422 tradantur.
1366 2356 1794 2440 Reperiuntur
1838 2356 2241 2421 narrationes

151 2458 329 2541 apud
363 2458 695 2524 Socratem
742 2460 810 2524 in
853 2460 1013 2525 111116
1059 2462 1252 2527 tertio
1298 2462 1465 2544 apud
1498 2462 1918 2527 Sozomenum
1963 2460 2029 2524 in
2073 2459 2240 2524 libro

154 2563 386 2644 quinto
419 2561 832 2629 historiarum
861 2563 986 2646 4:³³).
1035 2563 1201 2643 Quas
1226 2565 1306 2629 ad
1329 2566 1803 2649 pertractandas
1827 2564 2065 2630 Valesii
2096 2582 2151 2630 V.
2184 2562 2240 2630 d.

151 2667 452 2733 versione
490 2667 710 2748 latina,
758 2669 1078 2734 nonnullis
1108 2667 1296 2734 modo
1345 2688 1485 2733 eam
1521 2670 1843 2753 corrigens
1872 2668 2047 2748 16616,
2094 2686 2244 2732 6666

152 2790 317 2839 sum.
401 2770 559 2836 Cum
591 2771 873 2837 mirabili
899 2774 1112 2838 autem
1135 2774 1322 2838 modo
1348 2774 1749 2839 consentiant
1780 2773 1845 2837 in
1879 2770 2246 2837 enarrandis

152 2876 347 2941 rebus
395 2875 739 2959 scriptores
797 2876 898 2941 illi
963 2877 1315 2956 christiani,
1380 2877 1698 2960 proferam
1760 2868 2244 2959 uniuscuiusque

154 2978 605 3045 testimonium
665 2999 775 3046 666
842 2982 982 3047 1666
1049 2980 1360 3047 6(1111116116
1406 3001 1614 3047 161616
1684 2981 1972 3047 ordinem
2033 2982 2248 3061 expla-

154 3084 400 3147 natum.

305 3290 343 3359 ¹)
377 3289 439 3344 in
473 3290 888 3366 praefationibus
925 3291 1218 3346 editionum
1250 3292 1616 3361 plurimarum.

299 3397 342 3463 2)
378 3396 442 3449 F.
476 3395 920 3463 A.Holzhausen,
957 3397 1021 3452 (16
1055 3396 1294 3454 fontibus
1329 3396 1519 3466 quibus
1554 3397 1799 3451 Socrates
1822 3396 2151 3450 Sozomenus
2186 3410 2248 3449 ac

156 3481 530 3537 'theodoretus
562 3484 647 3538 usi
685 3484 813 3541 sint.
884 3484 1174 3554 Gottingae
1216 3486 1366 3539 1825.
1403 3486 1478 3538 4⁰.

299 3587 342 3655 ³)
392 3586 444 3641 J.
489 3586 838 3663 Rosenstein,
878 3587 1008 3642 iiber
1055 3588 1150 3643 das
1183 3589 1522 3643 Verbaltniss
1572 3588 1833 3643 zwischen
1885 3586 2247 3659 Olympiodor,

155 3675 403 3728 Zosimus
428 3674 539 3729 und
565 3674 910 3732 Sozomenus.
973 3675 1349 3745 Forschungen
1374 3691 1465 3730 zur
1490 3674 1781 3729 deutschen
1809 3674 2119 3730 Geschichte
2153 3675 2181 3728 Ι
2218 3690 2249 3729 6

159 3761 459 3815 165-204.
529 3760 840 3831 Gottingen.
883 3763 1033 3816 1860.
1070 3764 1144 3816 8⁰.

300 3865 345 3934 ⁴)
383 3864 466 3919 ed.
500 3866 563 3920 R.
599 3866 824 3937 Hussey.
863 3869 895 3921 3
931 3868 1063 3923 voll.
1136 3866 1326 3922 Oxonii
1364 3869 1517 3921 1853.
1553 3868 1625 3923 8⁰.

298 3966 345 4036 ⁶)
379 3968 463 4023 ed.
548 3970 611 4024 R.
647 3969 879 4041 Hussey,
931 3975 1215 4027 accurante
1250 3970 1298 4024 J.
1337 3972 1399 4025 B.
1447 3987 1717 4040 anonymo
1766 3970 2009 4040 quodam,
2046 3973 2077 4024 3
2117 3972 2246 4027 voll.

159 4050 359 4107 Oxonii
399 4054 551 4110 1860.
586 4056 658 4109 8⁰.

161 4244 181 4314 (
303 4141 784 4316 soc.1)3e7-395
814 4160 918 4229 (111
955 4162 1130 4231 2—3).
1167 4162 1505 4233 (173—176).
1534 4161 1655 4218 802.
1686 4162 1745 4217 11
1779 4162 2055 4216 455-458
2092 4162 2159 4231 (v
2192 4159 2248 4230 7)

185 4246 503 4301 166-166,

1893 4357 1928 4408 4
