2925 4802
1203 292 1287 358 25

197 524 502 601 sentatas‚
552 541 810 606 quarum
877 521 1083 587 forma
1150 521 1278 586 fere
1345 521 1538 586 haec:
1599 522 1773 586 scala
1840 523 1999 588 altas
2066 523 2285 605 portas

198 627 463 706 habene,
521 626 588 691 in
645 625 908 690 summis
955 625 1163 690 autem
1229 627 1452 691 octava
1509 628 1708 708 porta.
1798 625 2016 693 Prima
2073 645 2285 692 earum

200 732 301 795 est
345 731 657 813 plumbea,
705 729 905 794 altera
935 731 1444 810 stannea,tertia
1478 749 1552 795 ex
1598 749 1760 809 aere,
1795 732 2017 813 quarta
2063 731 2284 808 ferrea,

200 836 427 918 quinta
471 854 543 899 ex
591 853 733 899 aere
782 833 1000 912 mixt0‚
1063 836 1242 899 sexta
1293 837 1614 926 argentea,
1673 834 1946 917 septima
1992 855 2066 900 ex
2113 854 2285 912 auro,

196 956 600 1022 unaquaeque
647 939 859 1003 autem
908 938 1027 1003 deo
1085 939 1274 1004 alicui
1322 938 1647 1004 attributa.
1740 941 1863 1005 Sed
1924 957 1997 1003 ea
2050 940 2287 1004 tradita

197 1040 574 1124 exponenda
604 1040 1034 1124 relinquimu8‚
1081 1061 1225 1106 cum
1272 1041 1610 1107 Mithriaca
1648 1043 1932 1108 Romana
1976 1041 2075 1108 his
2119 1062 2287 1126 sym-

196 1147 365 1213 bolis
409 1165 521 1212 usa
564 1165 695 1212 esse
729 1165 930 1228 neque
977 1144 1096 1210 hoc
1142 1165 1264 1210 uno
1299 1146 1602 1229 scripto-re
1635 1148 1794 1212 teste
1828 1148 2043 1212 credas
2082 1164 2285 1229 neque

196 1270 267 1317 re
314 1251 460 1333 ipsa
489 1249 868 1316 credendum
917 1250 1018 1317 sit.
1100 1251 1436 1332 Exponens
1485 1251 1697 1316 autem
1745 1271 1900 1333 quae
1946 1252 2113 1334 apud
2146 1251 2287 1317 Cel-

195 1375 338 1421 sum
384 1355 599 1420 secuta
642 1355 790 1420 sunt
820 1354 1128 1438 Origenes
1169 1355 1505 1437 vituperat,
1552 1354 1824 1419 Mithrae
1871 1354 2036 1436 apud
2064 1357 2287 1420 Persas

196 1459 505 1544 mysteria
564 1447 644 1523 ad
704 1459 1105 1524 refutandam
1162 1458 1540 1542 religionem
1587 1458 1993 1524 christianam
2049 1459 2127 1523 ab
2173 1458 2285 1524 illo

196 1563 511 1641 adhiberi,
574 1564 640 1627 et
698 1561 911 1646 pergit
965 1564 1195 1642 Ὅπως
1254 1563 1416 1629 ποτὲ
1469 1565 1593 1653 γιέρ
1637 1563 1839 1646 ἐχέτω
1881 1570 2108 1640 ταῦτα,
2156 1565 2287 1630 εἴτε

191 1670 475 1759 ψευδῶς
518 1665 642 1749 ,εἴτ’
690 1668 986 1751 ἄλη-θῶς,
1033 1673 1174 1745 τοῖς
1216 1665 1299 1734 τά
1342 1674 1465 1732 τοῦ
1507 1664 1794 1752 Μίθρου
1837 1663 2284 1755 πρεσβεύουσι

196 1772 311 1837 καὶ
358 1771 667 1859 Πέρσαις·
713 1769 780 1836 τί
835 1770 917 1856 δή
965 1766 1079 1836 οὖν
1130 1770 1373 1854 μᾶλλον
1417 1768 1598 1835 ταῦτ’
1645 1767 1914 1850 ἐξέθετο
1970 1770 2012 1856 ἤ
2053 1794 2118 1835 τι
2160 1776 2288 1834 τῶν

192 1877 450 1943 λοιπῶν
509 1871 883 1963 μυστηρίων
940 1875 1108 1956 ,ιιετοῖ
1154 1881 1274 1960 τῆς
1319 1869 1676 1961 διηγήσεως
1728 1874 1976 1955 αὐτῶν,·
2024 1875 2116 1939 Οὔ
2163 1875 2286 1962 γοὶρ

194 1981 383 2046 δοκεῖ
414 1976 878 2067 παρ’Ἕλλήσιν
907 1971 1068 2044 εἶναι
1099 1975 1402 2066 ἐξαίρετα
1423 1978 1507 2044 τοὶ
1537 1987 1661 2044 τοῦ
1684 1977 1965 2066 ,Μίθρου
1997 1979 2178 2066 παρα
2202 1979 2285 2043 τά

183 2081 565 2162 Ἐλευσίνια,
612 2083 652 2169 ἢ
696 2083 777 2148 τοὶ
814 2079 1305 2170 παραδιδόμενα
1353 2088 1494 2160 τοῖς
1534 2081 1599 2149 ἐν
1630 2081 1864 2170 Αἰγίνῃ
1897 2081 2288 2166 μυουμένοις

191 2188 279 2253 τά
327 2193 448 2270 τῆς
481 2183 763 2272 Ἑκάτης.
820 2185 904 2252 Τί
947 2185 1018 2251 δὲ
1061 2186 1307 2269 μᾶλλον
1351 2187 1537 2275 εἴπερ
1567 2184 1939 2275 βαρβαρικοὶ
1984 2185 2285 2269 ἐβούλετο

192 2288 534 2379 μυστήρια
550 2287 945 2357 ἐκτίθεσθαι
965 2289 1131 2373 μετα
1153 2298 1273 2376 τῆς
1298 2286 1663 2376 διηγήσεως
1684 2287 1916 2367 αὐτῶν,
1944 2291 2023 2357 οὐ
2044 2291 2288 2373 μᾶλλον

187 2395 275 2460 τά
311 2391 716 2481 Αἰγυπτίων,
763 2391 828 2460 ἕν
885 2386 985 2472 οἷς
1028 2393 1266 2461 πολλοὶ
1308 2389 1746 2477 σεμνύνονται,
1793 2395 1832 2481 ἢ
1877 2395 1958 2461 τά
1993 2403 2275 2462 Καππα»

191 2499 402 2564 δοκῶν
444 2498 599 2585 περὶ
656 2506 777 2584 τῆς
820 2496 884 2563 ἐν
931 2495 1268 2581 Κομοίνοις
1306 2496 1708 2585 Ἀρτέμιδος,
1768 2501 1807 2585 ἢ
1852 2500 1935 2565 vo?
1996 2495 2286 2587 Θρᾳκῶν,

191 2605 234 2691 ἢ
303 2602 418 2668 καὶ
481 2607 564 2667 τα
620 2600 946 2685 Ῥωμαίων
1014 2599 1249 2681 αὐτῶν,
1316 2600 1670 2668 τελούντων
1712 2603 1872 2681 τούς
1917 2599 2288 2691 εὐγενεστάτ-

188 2733 355 2786 τους
399 2711 525 2773 τῶν
575 2703 713 2774 α’πδ
759 2714 877 2792 τῆς
925 2706 1290 2794 συγκλήτου
1334 2707 1618 2791 Boni-139,-
1672 2708 1865 2785 Ἀλλ’,
1914 2706 1975 2774 εἰ
2018 2709 2288 2797 ἄκαιρον

191 2809 382 2896 αὐτῷ
426 2806 645 2891 ἔδοξεν
687 2808 944 2877 ἐκείνων
986 2836 1051 2875 τι
1096 2809 1559 2899 παραβάλλειν,
1620 2809 1713 2889 ῶς
1756 2814 2083 2899 μηδαμῶς
2128 2833 2282 2894 συμ-

188 2912 590 2998 βαλλόμενον
647 2910 744 2991 εἰς
789 2914 905 2999 τήν
942 2913 1272 2980 Ἰουδαίων
1317 2915 1360 2998 ἢ
1403 2919 1821 3003 Χριστιανῶν
1879 2913 2283 3003 κατηγορίαν.

191 3025 348 3097 πῶς
404 3018 554 3101 οὐχὶ
610 3018 687 3084 τύ
748 3005 912 3083 αὕτὸ
969 3018 1240 3107 ἄκαιρον
1302 3019 1412 3085 καὶ
1470 3018 1583 3085 ἐπὶ
1626 3026 1747 3106 τῆς
1790 3017 2118 3097 ἐκθέσεως
2159 3026 2289 3085 τῶν

190 3130 604 3211 Μιθραϊκῶν
668 3117 854 3198 αὐτῶ
917 3120 1257 3211 ἐφαίνετος
1371 3121 1544 3202 Quae
1613 3124 1805 3187 verba
1871 3123 2088 3205 quanti
2157 3123 2288 3187 sint

193 3225 395 3309 pretii
457 3224 595 3305 quis
663 3226 762 3289 est
821 3224 925 3307 qui
991 3223 1252 3289 nesciat.
1346 3226 1442 3290 Ac
1506 3226 1780 3307 primum
1847 3226 2100 3308 quidem
2162 3245 2286 3291 non

194 3330 335 3395 sine
412 3328 546 3393 iure
622 3327 858 3394 iudices
931 3328 1187 3393 vocibus
1261 3331 1393 3397 εἴτε
1475 3333 1745 3419 ψευδῶς
1825 3330 1938 3397 εἴτ’
2015 3332 2288 3416 ἀληθῶς

196 3454 384 3500 usum
469 3434 803 3497 Persarum
883 3430 1117 3498 cultum
1199 3432 1477 3497 Mithrae
1563 3453 1686 3498 non
1768 3434 2023 3499 omnino
2115 3432 2289 3497 dam-

197 3556 408 3604 nasse.
490 3537 643 3603 Cum
691 3537 860 3601 enim
909 3535 1263 3602 accuratius
1294 3537 1711 3621 inquisiveris‚
1757 3538 2092 3621 praecipue
2139 3556 2289 3621 quo-

198 3661 321 3726 que
357 3641 642 3705 extrema.
684 3640 794 3705 illa
838 3651 984 3721 πῶς
1030 3639 1180 3725 ου’χὶ
1223 3644 1300 3708 τό
1333 3639 1498 3711 αιῗτδ
1546 3646 1814 3733 ἄκαιρον
1857 3645 1968 3710 καὶ
2012 3643 2129 3709 ἐπὶ
2171 3648 2291 3728 τῆς

196 3746 536 3825 ἐκθέσεως
606 3753 732 3812 τῶν
804 3750 1209 3836 ,Μιθραϊκῶν
1285 3742 1469 3831 αὕτῶ
1532 3746 1833 3836 ἐφαίνετο
1901 3745 2287 3829 cognoveriS‚

198 3851 582 3933 scriptorem
629 3868 817 3933 aegre
862 3850 1024 3916 ferre
1055 3848 1410 3933 intelleges,
1459 3852 1626 3932 quod
1657 3850 1995 3917 Mithriaca
2037 3849 2291 3915 Persica

200 3955 314 4019 aut
392 3954 692 4032 Romana,
771 3972 927 4035 quae
1014 3975 1135 4021 non
1212 3955 1654 4021 abhorruerint
1704 3956 1887 4020 valde
1963 3974 2000 4017 a
2073 3955 2288 4019 multis

203 4057 714 4124 Christianorum
803 4060 1156 4138 sententiis,
1231 4059 1311 4125 ad
1401 4058 1813 4124 accusandam
1909 4058 2288 4139 religionem

201 4160 621 4228 christianam
683 4161 867 4244 plane
923 4162 1142 4247 inepta
1194 4183 1316 4228 non
1376 4162 1633 4233 fuerint.
1737 4162 1933 4244 Quam
1998 4164 2075 4228 ob
2135 4182 2286 4241 rem,

203 4284 353 4330 cum
445 4264 721 4331 Mithrae
809 4268 1047 4332 cultum
1134 4287 1276 4333 cum
1363 4268 1503 4332 aliis
1580 4268 1879 4347 conferat,
1971 4266 2288 4332 Eleusinia
