2925 4802
1132 192 1267 347 ’ἐξ

356 488 604 555 Nullius
628 488 760 553 fere
785 489 977 571 pretii
1002 489 1081 553 ad
1107 489 1451 555 accuratius
1474 490 1906 573 cognoscenda
1926 489 2268 554 Mithriaca

178 595 399 660 tabula
457 596 552 660 331
598 595 987 677 octogesima
1043 594 1333 676 septima,
1403 593 1854 677 explicatarum
1916 592 2260 657 simillima.

181 699 452 764 Tantum
499 699 669 763 enim
717 699 972 782 cognita
1023 699 1357 763 simulacra
1401 697 1659 781 reperis,
1711 698 1810 781 ·ld
1852 717 2042 762 unum
2092 717 2266 763 com-

181 803 658 868 memorandum
708 805 822 881 est,
871 822 1013 868 cum
1055 803 1354 868 mactatio
1401 802 1568 866 tauri
1610 803 1685 880 ‚in
1718 802 1965 883 spelaeo
2012 803 2266 883 peracta

178 909 467 991 fingatur,
515 909 581 972 in
624 927 798 990 rupe,
848 929 969 992 qua
1015 911 1265 973 antrum
1314 908 1729 991 significatur,
1777 910 2061 973 foramen
2108 923 2260 985 esse,

177 1031 294 1092 per
317 1013 482 1095 quod
508 1031 728 1078 corvus
758 1014 972 1080 intrat.
1022 1013 1190 1093 Quae
1225 1033 1366 1077 cum
1393 1013 1486 1077 ita
1512 1013 1658 1091 sint,
1691 1014 1862 1105 recte
1890 1012 2264 1076 indicaveris

174 1118 337 1181 tales
383 1135 625 1200 quoque
675 1118 947 1181 Mithrae
1000 1136 1224 1200 specus
1285 1117 1635 1195 exstitisse,
1699 1117 1804 1199 qui
1851 1116 2003 1180 solis
2046 1115 2263 1180 lumen

175 1221 552 1302 acceperint.
603 1222 842 1287 Tamen
875 1222 1116 1287 affirmo
1151 1241 1289 1287 eam
1322 1242 1455 1287 rem
1492 1223 1605 1285 etsi
1629 1241 1743 1304 per
1788 1238 1852 1283 33
1888 1221 2261 1286 credibilem

174 1325 445 1389 minime
509 1344 643 1390 3333
705 1328 959 1391 certam.
1065 1327 1286 1392 Restat
1351 1328 1422 1390 ut
1488 1327 1704 1390 notem
1777 1324 2262 1406 inscriptionem

172 1429 462 1494 additam
510 1448 662 1510 esse,
713 1431 788 1495 (13
837 1449 958 1513 qua
1002 1430 1094 1515 nil
1144 1431 1490 1495 accuratius
1537 1432 1799 1496 constat.

346 1655 550 1720 Multa
594 1657 806 1720 antem
853 1657 1116 1738 praebet
1161 1654 1376 1740 imago
1423 1672 1578 1738 quae
1620 1655 1921 1737 sequitur.
2012 1652 2260 1719 Artifex

173 1761 382 1837 enim,
449 1778 588 1823 cum
651 1759 1100 1825 mactationem
1169 1759 1490 1837 finxisset,
1549 1759 1764 1824 multis
1823 1757 2016 1823 variis
2083 1759 2261 1823 rebus

172 1865 386 1930 locum
435 1882 696 1928 vacuum
734 1863 1098 1945 complevit.
1176 1864 1228 1927 E
1277 1864 1501 1946 quibus
1549 1882 1697 1945 prae
1730 1862 1956 1927 ceteris
1989 1862 2264 1927 notanda

176 1970 324 2032 sunt
371 1986 477 2032 sex
527 1966 770 2046 altaria,
820 1967 974 2032 duae
1022 1968 1293 2047 arbores,
1341 1968 1500 2057 duae
1547 1967 1740 2047 facea,
1791 1966 2078 2031 columba
2121 1984 2261 2044 11113,

2335 497 2384 552 L.
2422 514 2465 567 p.
2506 497 2730 553 Lxxxvu

2334 1654 2383 1708 L.
2412 1652 2764 1724 p.Lxxxv111.-

172 2090 393 2154 corpus
439 2071 718 2135 hominis
761 2069 1119 2150 dissectum,
1168 2070 1522 2154 puellarum
1572 2072 1726 2136 duae
1771 2073 1896 2135 aut
1927 2090 2261 2154 puerorum
2331 2134 2340 2143 ,

172 2174 288 2238 3113
317 2177 681 2240 ornatorum
730 2177 792 2238 et
810 2172 1094 2239 linteolis
1141 2175 1564 2241 involutorum
1597 2175 1930 2257 imagines
2008 2173 2263 2240 Colum-

173 2297 394 2344 narum
475 2278 773 2361 denique,
857 2280 1084 2361 quibus
1169 2281 1572 2344 simulacrum
1662 2280 1971 2362 cingitur,
2058 2281 2262 2343 altera

171 2383 438 2467 fiagello
472 2386 536 2449 31
562 2384 996 2469 inscriptione,
1031 2382 1229 2450 altera
1260 2385 1508 2450 coronis
1542 2385 1606 2449 et
1639 2384 1781 2450 aliis
1814 2387 1911 2449 est
1943 2386 2259 2450 exornata.

171 2491 230 2553 A
278 2490 537 2554 sinistra
582 2493 791 2555 autem
826 2492 1005 2571 parte
1039 2492 1210 2554 stant
1240 2490 1366 2554 diei
1417 2492 1482 2554 et
1513 2490 1717 2554 noctis
1749 2489 2099 2556 simulacra.
2164 2488 2261 2551 De

173 2592 399 2675 quibus
423 2593 713 2674 plurimis
737 2612 954 2675 pauca.
1005 2593 1295 2672 Arbores,
1328 2595 1700 2676 praesertim
1728 2614 1867 2659 cum
1892 2613 2017 2659 11113
2049 2612 2261 2657 33111111

173 2696 416 2760 fructus
446 2696 682 2761 habeat
713 2697 1066 2762 fertilitatis
1093 2717 1225 2762 esse
1259 2698 1528 2779 signum,
1564 2699 1699 2780 quis
1732 2700 1830 2763 331
1859 2698 1963 2780 qui
1998 2697 2259 2763 nesciat.

176 2800 276 2864 De
324 2819 508 2867 causa
541 2820 785 2883 quoque
834 2821 942 2865 cur
988 2801 1172 2866 fictae
1208 2802 1336 2866 sint
1379 2802 1547 2870 faces
1596 2804 1661 2866 31
1692 2802 1940 2881 altaria,
1990 2801 2262 2866 dubitari

177 2905 412 2987 nequit.
506 2903 669 2984 Quid
717 2908 928 2970 autem
975 2908 1182 2971 cetera
1237 2905 1359 2970 sibi
1403 2907 1630 2986 velint,
1678 2906 2088 2971 definiendum
2135 2924 2262 2969 non

180 3011 294 3075 331.
359 3009 644 3074 Ρ1111111111
681 3009 1036 3074 columbam
1070 3008 1149 3073 ad
1181 3008 1453 3074 Mithrae
1488 3010 1725 3075 cultum
1758 3010 2090 3094 pertinere,
2125 3010 2265 3073 nul-

174 3114 306 3177 lum
351 3112 545 3178 habes
588 3115 1028 3180 testimonium
1077 3116 1140 3179 et
1185 3114 1489 3179 abhorreo
1538 3133 1574 3178 a
1612 3115 1925 3179 sententia
1955 3113 2260 3178 artificem

184 3216 262 3283 ad
308 3219 520 3284 locum
568 3221 812 3283 tantum
847 3215 1289 3302 complendum
1323 3218 1498 3283 illam
1543 3218 1718 3301 qnasi
1751 3219 1993 3284 arboris
2024 3218 2262 3281 fructus

183 3321 495 3386 edituram
572 3323 839 3392 finxisse.
990 3324 1088 3388 De
1161 3323 1290 3389 alia
1357 3324 1569 3387 autem
1646 3341 1756 3387 ave
1834 3342 1937 3387 me
2004 3321 2260 3399 sentire,

180 3426 349 3491 vetat
430 3427 631 3493 forma
692 3428 846 3510 ipsa.
966 3427 1078 3493 Nil
1143 3427 1368 3492 certius
1427 3427 1551 3491 dici
1616 3445 1797 3509 posse
1869 3425 2117 3492 videtur
2187 3426 2278 3489 (13

181 3530 550 3596 iuvenilibus
582 3530 714 3595 illis
761 3531 1065 3614 personis,
1118 3530 1397 3613 ‘Cogites
1443 3529 1559 3595 alis
1600 3531 1664 3594 31
1708 3530 2091 3613 serpentium
2141 3530 2263 3594 cir-

184 3635 337 3700 culis
386 3636 451 3699 et
497 3634 872 3700 iuvenilibus
917 3634 1194 3701 vultibus
1239 3634 1656 3701 demonstrari
1703 3634 2148 3700 aeternitatem
2197 3634 2262 3697 31

184 3742 499 3804 aeternam
562 3738 954 3804 iuventutem
1015 3740 1239 3805 terrae.
1332 3740 1422 3804 At
1485 3756 1735 3819 caveas,
1797 3758 1873 3803 ne
1927 3757 2041 3821 pro
2089 3738 2260 3801 certo

185 3843 343 3908 hanc
388 3842 875 3925 explicationem
922 3844 1174 3910 11311333.
1226 3841 1397 3922 Quae
1443 3842 1600 3908 insit
1651 3842 1968 3908 sententia
2014 3841 2260 3924 corpori

183 3947 281 4012 illi
313 3946 626 4025 defuncto,
673 3948 931 4013 omnino
973 3965 1075 4011 me
1111 3947 1293 4030 fugit.
1369 3947 1724 4029 Flagellum
1760 3946 1976 4011 fictum
2007 3945 2087 4010 ad
2115 3964 2262 4028 pro-

185 4052 459 4119 bationes
494 4050 849 4116 adhibitum
882 4070 1037 4131 3333,
1070 4051 1257 4116 facile
1287 4053 1524 4130 credas,
1573 4052 1853 4133 itemque
1885 4049 2125 4116 iudices
2157 4067 2261 4114 co-

183 4172 362 4222 131133
397 4159 923 4221 commemoratas
955 4155 1096 4220 illas
1143 4155 1519 4238 significare,
1555 4155 1780 4238 quibus
1824 4154 1945 4219 Dei
1992 4155 2260 4219 cultores

184 4261 579 4356 ornabantur.
647 4259 1022 4325 Addendum
1091 4261 1189 4323 331
1263 4258 1384 4326 1133
1427 4258 1518 4345 [in
1586 4259 1852 4324 artificio
1914 4260 2260 4341 serpentem
