<?xml version="1.0" encoding="UTF-8"?>
<!DOCTYPE html PUBLIC "-//W3C//DTD XHTML 1.0 Transitional//EN"
    "http://www.w3.org/TR/xhtml1/DTD/xhtml1-transitional.dtd">
<html xmlns="http://www.w3.org/1999/xhtml" xml:lang="en" lang="en">
 <head>
  <title>
</title>
<meta http-equiv="Content-Type" content="text/html;charset=utf-8" />
  <meta name='ocr-system' content='tesseract 3.04.00' />
  <meta name='ocr-capabilities' content='ocr_page ocr_carea ocr_par ocr_line ocrx_word'/>
</head>
<body>
  <div class='ocr_page' id='page_1' title='image "./demithraedeisol00fabrgoog_0094.png"; bbox 0 0 2925 4802; ppageno 0'>
   <div class='ocr_carea' id='block_1_1' title="bbox 196 461 562 582">
    <p class='ocr_par' dir='ltr' id='par_1_1' title="bbox 196 461 562 582">
     <span class='ocr_line' id='line_1_1' title="bbox 196 461 562 582; baseline 0.005 -67"><span class='ocrx_word' id='word_1_1' title='bbox 196 461 248 515; x_wconf 78' lang='lat' dir='ltr'>L.</span> <span class='ocrx_word' id='word_1_2' title='bbox 286 477 339 582; x_wconf 63' lang='lat' dir='ltr'>pi</span> <span class='ocrx_word' id='word_1_3' title='bbox 372 462 562 566; x_wconf 55' lang='lat' dir='ltr'>prl</span> 
     </span>
    </p>
   </div>
   <div class='ocr_carea' id='block_1_2' title="bbox 198 1364 562 1485">
    <p class='ocr_par' dir='ltr' id='par_1_2' title="bbox 198 1364 562 1485">
     <span class='ocr_line' id='line_1_2' title="bbox 198 1364 562 1485; baseline 0 -67"><span class='ocrx_word' id='word_1_4' title='bbox 198 1364 249 1418; x_wconf 84' lang='lat' dir='ltr'>L.</span> <span class='ocrx_word' id='word_1_5' title='bbox 272 1381 339 1484; x_wconf 83' lang='lat' dir='ltr'>p.l</span> <span class='ocrx_word' id='word_1_6' title='bbox 350 1364 562 1485; x_wconf 72' lang='lat' dir='ltr'>Lx2xV111</span> 
     </span>
    </p>
   </div>
   <div class='ocr_carea' id='block_1_3' title="bbox 205 4128 539 4252">
    <p class='ocr_par' dir='ltr' id='par_1_3' title="bbox 205 4128 539 4252">
     <span class='ocr_line' id='line_1_3' title="bbox 205 4128 539 4252; baseline -0.003 -69"><span class='ocrx_word' id='word_1_7' title='bbox 205 4130 257 4183; x_wconf 90' lang='lat' dir='ltr'>L.</span> <span class='ocrx_word' id='word_1_8' title='bbox 294 4147 339 4251; x_wconf 69' lang='lat' dir='ltr'>pl.</span> <span class='ocrx_word' id='word_1_9' title='bbox 374 4128 539 4252; x_wconf 71' lang='lat' dir='ltr'>L2XXIX</span> 
     </span>
    </p>
   </div>
   <div class='ocr_carea' id='block_1_4' title="bbox 234 4485 397 4560">
    <p class='ocr_par' dir='ltr' id='par_1_4' title="bbox 234 4485 397 4560">
     <span class='ocr_line' id='line_1_4' title="bbox 234 4485 397 4560; baseline -0.012 0"><span class='ocrx_word' id='word_1_10' title='bbox 234 4485 397 4560; x_wconf 50' lang='grc' dir='ltr'>Ἦ.</span> 
     </span>
    </p>
   </div>
   <div class='ocr_carea' id='block_1_5' title="bbox 1657 246 1745 311">
    <p class='ocr_par' dir='ltr' id='par_1_5' title="bbox 1657 246 1745 311">
     <span class='ocr_line' id='line_1_5' title="bbox 1657 246 1745 311; baseline 0 0"><span class='ocrx_word' id='word_1_11' title='bbox 1657 246 1745 311; x_wconf 85' lang='grc'>90</span> 
     </span>
    </p>
   </div>
   <div class='ocr_carea' id='block_1_6' title="bbox 1547 325 1860 343">
    <p class='ocr_par' dir='ltr' id='par_1_6' title="bbox 1547 325 1860 343">
     <span class='ocr_line' id='line_1_6' title="bbox 1547 325 1860 343; baseline 0 4459"><span class='ocrx_word' id='word_1_12' title='bbox 1547 325 1860 343; x_wconf 95' lang='lat' dir='ltr'> </span> 
     </span>
    </p>
   </div>
   <div class='ocr_carea' id='block_1_7' title="bbox 656 451 2743 851">
    <p class='ocr_par' dir='ltr' id='par_1_7' title="bbox 656 451 2743 851">
     <span class='ocr_line' id='line_1_7' title="bbox 829 451 2743 540; baseline 0.002 -21"><span class='ocrx_word' id='word_1_13' title='bbox 829 451 1298 519; x_wconf 85' lang='lat' dir='ltr'>Praetereunda</span> <span class='ocrx_word' id='word_1_14' title='bbox 1343 453 1475 518; x_wconf 87' lang='lat' dir='ltr'>fere</span> <span class='ocrx_word' id='word_1_15' title='bbox 1521 471 1656 519; x_wconf 85' lang='lat' dir='ltr'>esse</span> <span class='ocrx_word' id='word_1_16' title='bbox 1700 455 1853 536; x_wconf 90' lang='lat' dir='ltr'>puto</span> <span class='ocrx_word' id='word_1_17' title='bbox 1892 453 2250 534; x_wconf 83' lang='lat' dir='ltr'>simulacra,</span> <span class='ocrx_word' id='word_1_18' title='bbox 2298 475 2452 539; x_wconf 87' lang='lat' dir='ltr'>quae</span> <span class='ocrx_word' id='word_1_19' title='bbox 2505 457 2743 540; x_wconf 72' lang='lat' dir='ltr'>pagina</span> 
     </span>
     <span class='ocr_line' id='line_1_8' title="bbox 659 558 2742 643; baseline 0.001 -20"><span class='ocrx_word' id='word_1_20' title='bbox 659 577 816 643; x_wconf 88' lang='lat' dir='ltr'>quae</span> <span class='ocrx_word' id='word_1_21' title='bbox 862 559 1141 641; x_wconf 86' lang='lat' dir='ltr'>sequitur</span> <span class='ocrx_word' id='word_1_22' title='bbox 1199 558 1478 641; x_wconf 79' lang='lat' dir='ltr'>praebet.</span> <span class='ocrx_word' id='word_1_23' title='bbox 1573 558 1924 641; x_wconf 87' lang='lat' dir='ltr'>Utrumque</span> <span class='ocrx_word' id='word_1_24' title='bbox 1973 558 2143 623; x_wconf 86' lang='lat' dir='ltr'>enim</span> <span class='ocrx_word' id='word_1_25' title='bbox 2200 559 2292 624; x_wconf 88' lang='lat' dir='ltr'>nil</span> <span class='ocrx_word' id='word_1_26' title='bbox 2335 560 2482 625; x_wconf 80' lang='lat' dir='ltr'>novi</span> <span class='ocrx_word' id='word_1_27' title='bbox 2549 560 2742 626; x_wconf 86' lang='lat' dir='ltr'>habet</span> 
     </span>
     <span class='ocr_line' id='line_1_9' title="bbox 659 661 2742 746; baseline 0.001 -19"><span class='ocrx_word' id='word_1_28' title='bbox 659 661 779 727; x_wconf 81' lang='lat' dir='ltr'>nisi</span> <span class='ocrx_word' id='word_1_29' title='bbox 827 680 1045 727; x_wconf 90' lang='lat' dir='ltr'>canem</span> <span class='ocrx_word' id='word_1_30' title='bbox 1110 664 1175 728; x_wconf 88' lang='lat' dir='ltr'>et</span> <span class='ocrx_word' id='word_1_31' title='bbox 1232 662 1591 744; x_wconf 89' lang='lat' dir='ltr'>serpentem</span> <span class='ocrx_word' id='word_1_32' title='bbox 1649 661 2015 745; x_wconf 84' lang='lat' dir='ltr'>sangninem</span> <span class='ocrx_word' id='word_1_33' title='bbox 2074 682 2107 727; x_wconf 91' lang='lat' dir='ltr'>e</span> <span class='ocrx_word' id='word_1_34' title='bbox 2152 682 2411 746; x_wconf 88' lang='lat' dir='ltr'>corpore</span> <span class='ocrx_word' id='word_1_35' title='bbox 2468 664 2742 730; x_wconf 86' lang='lat' dir='ltr'>effusum</span> 
     </span>
     <span class='ocr_line' id='line_1_10' title="bbox 656 766 2741 851; baseline 0.001 -19"><span class='ocrx_word' id='word_1_36' title='bbox 656 768 1000 851; x_wconf 84' lang='lat' dir='ltr'>petentem,</span> <span class='ocrx_word' id='word_1_37' title='bbox 1062 785 1207 831; x_wconf 88' lang='lat' dir='ltr'>cum</span> <span class='ocrx_word' id='word_1_38' title='bbox 1252 782 1551 850; x_wconf 77' lang='lat' dir='ltr'>persaepe</span> <span class='ocrx_word' id='word_1_39' title='bbox 1611 785 1873 848; x_wconf 82' lang='lat' dir='ltr'>serpens</span> <span class='ocrx_word' id='word_1_40' title='bbox 1941 769 2051 833; x_wconf 88' lang='lat' dir='ltr'>aut</span> <span class='ocrx_word' id='word_1_41' title='bbox 2107 766 2288 833; x_wconf 89' lang='lat' dir='ltr'>humi</span> <span class='ocrx_word' id='word_1_42' title='bbox 2348 769 2562 835; x_wconf 88' lang='lat' dir='ltr'>iaceat</span> <span class='ocrx_word' id='word_1_43' title='bbox 2637 773 2741 835; x_wconf 89' lang='lat' dir='ltr'>aut</span> 
     </span>
    </p>
   </div>
   <div class='ocr_carea' id='block_1_8' title="bbox 657 869 2842 955">
    <p class='ocr_par' dir='ltr' id='par_1_8' title="bbox 657 869 2842 955">
     <span class='ocr_line' id='line_1_11' title="bbox 657 869 2842 955; baseline 0.004 -21"><span class='ocrx_word' id='word_1_44' title='bbox 657 870 1026 955; x_wconf 89' lang='lat' dir='ltr'>sanguinem</span> <span class='ocrx_word' id='word_1_45' title='bbox 1072 889 1145 934; x_wconf 84' lang='lat' dir='ltr'>ex</span> <span class='ocrx_word' id='word_1_46' title='bbox 1192 869 1499 953; x_wconf 81' lang='lat' dir='ltr'>amphora</span> <span class='ocrx_word' id='word_1_47' title='bbox 1543 870 1806 938; x_wconf 83' lang='lat' dir='ltr'>hauriat.</span> <span class='ocrx_word' id='word_1_48' title='bbox 1899 871 2189 937; x_wconf 86' lang='lat' dir='ltr'>Alterum</span> <span class='ocrx_word' id='word_1_49' title='bbox 2245 874 2324 940; x_wconf 86' lang='lat' dir='ltr'>de</span> <span class='ocrx_word' id='word_1_50' title='bbox 2370 895 2445 940; x_wconf 90' lang='lat' dir='ltr'>ea</span> <span class='ocrx_word' id='word_1_51' title='bbox 2486 876 2742 941; x_wconf 80' lang='lat' dir='ltr'>tantum</span> <span class='ocrx_word' id='word_1_52' title='bbox 2833 909 2842 922; x_wconf 94' lang='lat'>·</span> 
     </span>
    </p>
   </div>
   <div class='ocr_carea' id='block_1_9' title="bbox 657 975 2804 1268">
    <p class='ocr_par' dir='ltr' id='par_1_9' title="bbox 657 975 2804 1268">
     <span class='ocr_line' id='line_1_12' title="bbox 659 975 2804 1064; baseline 0.002 -22"><span class='ocrx_word' id='word_1_53' title='bbox 659 996 843 1042; x_wconf 87' lang='lat' dir='ltr'>causa</span> <span class='ocrx_word' id='word_1_54' title='bbox 888 978 1364 1042; x_wconf 91' lang='lat' dir='ltr'>memorandum</span> <span class='ocrx_word' id='word_1_55' title='bbox 1411 978 1526 1055; x_wconf 86' lang='lat' dir='ltr'>est,</span> <span class='ocrx_word' id='word_1_56' title='bbox 1574 975 1720 1059; x_wconf 89' lang='lat' dir='ltr'>quia</span> <span class='ocrx_word' id='word_1_57' title='bbox 1762 976 2038 1059; x_wconf 88' lang='lat' dir='ltr'>primum</span> <span class='ocrx_word' id='word_1_58' title='bbox 2091 977 2211 1043; x_wconf 87' lang='lat' dir='ltr'>hac</span> <span class='ocrx_word' id='word_1_59' title='bbox 2254 979 2537 1064; x_wconf 86' lang='lat' dir='ltr'>imagine</span> <span class='ocrx_word' id='word_1_60' title='bbox 2588 979 2740 1046; x_wconf 84' lang='lat' dir='ltr'>duos</span> <span class='ocrx_word' id='word_1_61' title='bbox 2787 1040 2804 1054; x_wconf 84' lang='lat'>.</span> 
     </span>
     <span class='ocr_line' id='line_1_13' title="bbox 659 1080 2741 1164; baseline 0.001 -17"><span class='ocrx_word' id='word_1_62' title='bbox 659 1081 1023 1164; x_wconf 81' lang='lat' dir='ltr'>scorpiones</span> <span class='ocrx_word' id='word_1_63' title='bbox 1078 1080 1405 1147; x_wconf 86' lang='lat' dir='ltr'>testiculos</span> <span class='ocrx_word' id='word_1_64' title='bbox 1456 1080 1622 1145; x_wconf 86' lang='lat' dir='ltr'>tauri</span> <span class='ocrx_word' id='word_1_65' title='bbox 1677 1081 2080 1147; x_wconf 88' lang='lat' dir='ltr'>conterentes</span> <span class='ocrx_word' id='word_1_66' title='bbox 2133 1101 2247 1147; x_wconf 91' lang='lat' dir='ltr'>nec</span> <span class='ocrx_word' id='word_1_67' title='bbox 2291 1101 2415 1147; x_wconf 92' lang='lat' dir='ltr'>non</span> <span class='ocrx_word' id='word_1_68' title='bbox 2469 1084 2741 1149; x_wconf 82' lang='lat' dir='ltr'>caudam</span> 
     </span>
     <span class='ocr_line' id='line_1_14' title="bbox 657 1183 1933 1268; baseline 0 -18"><span class='ocrx_word' id='word_1_69' title='bbox 657 1185 836 1251; x_wconf 88' lang='lat' dir='ltr'>bovis</span> <span class='ocrx_word' id='word_1_70' title='bbox 881 1185 948 1250; x_wconf 91' lang='lat' dir='ltr'>in</span> <span class='ocrx_word' id='word_1_71' title='bbox 994 1184 1233 1268; x_wconf 80' lang='lat' dir='ltr'>spicam</span> <span class='ocrx_word' id='word_1_72' title='bbox 1281 1183 1672 1250; x_wconf 70' lang='lat' dir='ltr'>desinentem</span> <span class='ocrx_word' id='word_1_73' title='bbox 1718 1184 1933 1250; x_wconf 87' lang='lat' dir='ltr'>habes.</span> 
     </span>
    </p>
   </div>
   <div class='ocr_carea' id='block_1_10' title="bbox 656 1359 2739 1756">
    <p class='ocr_par' dir='ltr' id='par_1_10' title="bbox 656 1359 2739 1756">
     <span class='ocr_line' id='line_1_15' title="bbox 704 1359 2739 1451; baseline 0.001 -25"><span class='ocrx_word' id='word_1_74' title='bbox 704 1440 719 1451; x_wconf 40' lang='lat'><strong>·</strong></span> <span class='ocrx_word' id='word_1_75' title='bbox 834 1361 981 1426; x_wconf 88' lang='lat' dir='ltr'>Jam</span> <span class='ocrx_word' id='word_1_76' title='bbox 1027 1359 1461 1443; x_wconf 88' lang='lat' dir='ltr'>investiganda</span> <span class='ocrx_word' id='word_1_77' title='bbox 1524 1361 1670 1424; x_wconf 89' lang='lat' dir='ltr'>sunt</span> <span class='ocrx_word' id='word_1_78' title='bbox 1714 1360 2045 1425; x_wconf 89' lang='lat' dir='ltr'>simulacra</span> <span class='ocrx_word' id='word_1_79' title='bbox 2094 1364 2318 1446; x_wconf 87' lang='lat' dir='ltr'>quibus</span> <span class='ocrx_word' id='word_1_80' title='bbox 2365 1365 2595 1428; x_wconf 88' lang='lat' dir='ltr'>ornata</span> <span class='ocrx_word' id='word_1_81' title='bbox 2645 1366 2739 1428; x_wconf 86' lang='lat' dir='ltr'>est</span> 
     </span>
     <span class='ocr_line' id='line_1_16' title="bbox 658 1464 2736 1551; baseline 0.001 -21"><span class='ocrx_word' id='word_1_82' title='bbox 658 1465 877 1531; x_wconf 89' lang='lat' dir='ltr'>tabula</span> <span class='ocrx_word' id='word_1_83' title='bbox 920 1466 1391 1549; x_wconf 88' lang='lat' dir='ltr'>septuagesima</span> <span class='ocrx_word' id='word_1_84' title='bbox 1436 1465 1676 1529; x_wconf 88' lang='lat' dir='ltr'>octava.</span> <span class='ocrx_word' id='word_1_85' title='bbox 1767 1464 2055 1530; x_wconf 89' lang='lat' dir='ltr'>Alterum</span> <span class='ocrx_word' id='word_1_86' title='bbox 2122 1466 2245 1531; x_wconf 88' lang='lat' dir='ltr'>etsi</span> <span class='ocrx_word' id='word_1_87' title='bbox 2305 1469 2736 1551; x_wconf 67' lang='lat' dir='ltr'>fragmentum</span> 
     </span>
     <span class='ocr_line' id='line_1_17' title="bbox 656 1560 2735 1654; baseline 0.001 -20"><span class='ocrx_word' id='word_1_88' title='bbox 656 1572 871 1634; x_wconf 87' lang='lat' dir='ltr'>tamen</span> <span class='ocrx_word' id='word_1_89' title='bbox 918 1570 1129 1653; x_wconf 90' lang='lat' dir='ltr'>magni</span> <span class='ocrx_word' id='word_1_90' title='bbox 1172 1560 1269 1635; x_wconf 90' lang='lat' dir='ltr'>est</span> <span class='ocrx_word' id='word_1_91' title='bbox 1311 1569 1521 1652; x_wconf 88' lang='lat' dir='ltr'>pretii,</span> <span class='ocrx_word' id='word_1_92' title='bbox 1569 1588 1711 1634; x_wconf 91' lang='lat' dir='ltr'>cum</span> <span class='ocrx_word' id='word_1_93' title='bbox 1757 1588 1856 1634; x_wconf 89' lang='lat' dir='ltr'>res</span> <span class='ocrx_word' id='word_1_94' title='bbox 1903 1569 2166 1634; x_wconf 92' lang='lat' dir='ltr'>minime</span> <span class='ocrx_word' id='word_1_95' title='bbox 2212 1571 2416 1635; x_wconf 88' lang='lat' dir='ltr'>adhuc</span> <span class='ocrx_word' id='word_1_96' title='bbox 2449 1573 2735 1654; x_wconf 88' lang='lat' dir='ltr'>repertas</span> 
     </span>
     <span class='ocr_line' id='line_1_18' title="bbox 659 1672 2735 1756; baseline -0 -17"><span class='ocrx_word' id='word_1_97' title='bbox 659 1672 972 1745; x_wconf 82' lang='lat' dir='ltr'>ostendat.</span> <span class='ocrx_word' id='word_1_98' title='bbox 1064 1674 1275 1739; x_wconf 84' lang='lat' dir='ltr'>Habes</span> <span class='ocrx_word' id='word_1_99' title='bbox 1321 1672 1493 1737; x_wconf 89' lang='lat' dir='ltr'>enim</span> <span class='ocrx_word' id='word_1_100' title='bbox 1538 1672 1792 1737; x_wconf 86' lang='lat' dir='ltr'>arbores</span> <span class='ocrx_word' id='word_1_101' title='bbox 1856 1672 2026 1750; x_wconf 87' lang='lat' dir='ltr'>duas,</span> <span class='ocrx_word' id='word_1_102' title='bbox 2093 1691 2353 1756; x_wconf 87' lang='lat' dir='ltr'>quarum</span> <span class='ocrx_word' id='word_1_103' title='bbox 2417 1674 2483 1737; x_wconf 92' lang='lat' dir='ltr'>in</span> <span class='ocrx_word' id='word_1_104' title='bbox 2533 1674 2735 1740; x_wconf 90' lang='lat' dir='ltr'>altera</span> 
     </span>
    </p>
   </div>
   <div class='ocr_carea' id='block_1_11' title="bbox 660 1775 2840 1860">
    <p class='ocr_par' dir='ltr' id='par_1_11' title="bbox 660 1775 2840 1860">
     <span class='ocr_line' id='line_1_19' title="bbox 660 1775 2840 1860; baseline 0.001 -18"><span class='ocrx_word' id='word_1_105' title='bbox 660 1798 878 1844; x_wconf 87' lang='lat' dir='ltr'>corvus</span> <span class='ocrx_word' id='word_1_106' title='bbox 941 1779 1137 1857; x_wconf 87' lang='lat' dir='ltr'>sedet,</span> <span class='ocrx_word' id='word_1_107' title='bbox 1199 1797 1458 1860; x_wconf 88' lang='lat' dir='ltr'>quarum</span> <span class='ocrx_word' id='word_1_108' title='bbox 1526 1777 1730 1841; x_wconf 88' lang='lat' dir='ltr'>altera</span> <span class='ocrx_word' id='word_1_109' title='bbox 1790 1775 2058 1860; x_wconf 86' lang='lat' dir='ltr'>phrygia</span> <span class='ocrx_word' id='word_1_110' title='bbox 2121 1777 2285 1842; x_wconf 91' lang='lat' dir='ltr'>tiara</span> <span class='ocrx_word' id='word_1_111' title='bbox 2329 1779 2425 1842; x_wconf 90' lang='lat' dir='ltr'>est</span> <span class='ocrx_word' id='word_1_112' title='bbox 2484 1780 2728 1846; x_wconf 86' lang='lat' dir='ltr'>ornata.</span> <span class='ocrx_word' id='word_1_113' title='bbox 2833 1820 2840 1827; x_wconf 94' lang='lat'>-</span> 
     </span>
    </p>
   </div>
   <div class='ocr_carea' id='block_1_12' title="bbox 656 1880 2731 2800">
    <p class='ocr_par' dir='ltr' id='par_1_12' title="bbox 656 1880 2731 2800">
     <span class='ocr_line' id='line_1_20' title="bbox 659 1880 2731 1967; baseline 0 -21"><span class='ocrx_word' id='word_1_114' title='bbox 659 1883 899 1962; x_wconf 81' lang='lat' dir='ltr'>Quibus</span> <span class='ocrx_word' id='word_1_115' title='bbox 955 1881 1022 1948; x_wconf 89' lang='lat' dir='ltr'>id</span> <span class='ocrx_word' id='word_1_116' title='bbox 1078 1900 1269 1947; x_wconf 90' lang='lat' dir='ltr'>unum</span> <span class='ocrx_word' id='word_1_117' title='bbox 1329 1881 1513 1947; x_wconf 89' lang='lat' dir='ltr'>nobis</span> <span class='ocrx_word' id='word_1_118' title='bbox 1572 1880 1990 1945; x_wconf 89' lang='lat' dir='ltr'>demonstrari</span> <span class='ocrx_word' id='word_1_119' title='bbox 2052 1881 2301 1946; x_wconf 90' lang='lat' dir='ltr'>videtur</span> <span class='ocrx_word' id='word_1_120' title='bbox 2360 1882 2731 1967; x_wconf 86' lang='lat' dir='ltr'>frugiferam</span> 
     </span>
     <span class='ocr_line' id='line_1_21' title="bbox 659 1983 2730 2069; baseline 0.001 -20"><span class='ocrx_word' id='word_1_121' title='bbox 659 1986 978 2069; x_wconf 84' lang='lat' dir='ltr'>regionem</span> <span class='ocrx_word' id='word_1_122' title='bbox 1025 2004 1154 2049; x_wconf 88' lang='lat' dir='ltr'>esse</span> <span class='ocrx_word' id='word_1_123' title='bbox 1202 1984 1457 2066; x_wconf 86' lang='lat' dir='ltr'>pictam.</span> <span class='ocrx_word' id='word_1_124' title='bbox 1537 1983 1863 2049; x_wconf 88' lang='lat' dir='ltr'>Accedunt</span> <span class='ocrx_word' id='word_1_125' title='bbox 1909 1985 2121 2049; x_wconf 87' lang='lat' dir='ltr'>autem</span> <span class='ocrx_word' id='word_1_126' title='bbox 2167 1985 2262 2050; x_wconf 89' lang='lat' dir='ltr'>vir</span> <span class='ocrx_word' id='word_1_127' title='bbox 2307 1988 2620 2052; x_wconf 83' lang='lat' dir='ltr'>recubans</span> <span class='ocrx_word' id='word_1_128' title='bbox 2669 1989 2730 2052; x_wconf 87' lang='lat' dir='ltr'>et</span> 
     </span>
     <span class='ocr_line' id='line_1_22' title="bbox 657 2087 2730 2173; baseline 0 -19"><span class='ocrx_word' id='word_1_129' title='bbox 657 2090 897 2155; x_wconf 87' lang='lat' dir='ltr'>velatus</span> <span class='ocrx_word' id='word_1_130' title='bbox 965 2090 1030 2153; x_wconf 88' lang='lat' dir='ltr'>et</span> <span class='ocrx_word' id='word_1_131' title='bbox 1093 2090 1261 2154; x_wconf 87' lang='lat' dir='ltr'>basis</span> <span class='ocrx_word' id='word_1_132' title='bbox 1328 2089 1497 2154; x_wconf 84' lang='lat' dir='ltr'>saxis</span> <span class='ocrx_word' id='word_1_133' title='bbox 1564 2088 1664 2153; x_wconf 89' lang='lat' dir='ltr'>vel</span> <span class='ocrx_word' id='word_1_134' title='bbox 1736 2087 1929 2172; x_wconf 89' lang='lat' dir='ltr'>lignis</span> <span class='ocrx_word' id='word_1_135' title='bbox 1989 2090 2227 2168; x_wconf 89' lang='lat' dir='ltr'>ornata,</span> <span class='ocrx_word' id='word_1_136' title='bbox 2298 2111 2455 2173; x_wconf 89' lang='lat' dir='ltr'>quae</span> <span class='ocrx_word' id='word_1_137' title='bbox 2525 2092 2730 2156; x_wconf 85' lang='lat' dir='ltr'>crucis</span> 
     </span>
     <span class='ocr_line' id='line_1_23' title="bbox 658 2192 2728 2281; baseline 0.001 -24"><span class='ocrx_word' id='word_1_138' title='bbox 658 2194 921 2259; x_wconf 88' lang='lat' dir='ltr'>formam</span> <span class='ocrx_word' id='word_1_139' title='bbox 971 2194 1345 2276; x_wconf 84' lang='lat' dir='ltr'>exprimunt.</span> <span class='ocrx_word' id='word_1_140' title='bbox 1437 2195 1534 2258; x_wconf 94' lang='lat' dir='ltr'>De</span> <span class='ocrx_word' id='word_1_141' title='bbox 1594 2193 1727 2258; x_wconf 87' lang='lat' dir='ltr'>viro</span> <span class='ocrx_word' id='word_1_142' title='bbox 1787 2192 1918 2281; x_wconf 86' lang='lat' dir='ltr'>illo,</span> <span class='ocrx_word' id='word_1_143' title='bbox 1979 2213 2121 2258; x_wconf 89' lang='lat' dir='ltr'>cum</span> <span class='ocrx_word' id='word_1_144' title='bbox 2179 2194 2360 2277; x_wconf 90' lang='lat' dir='ltr'>plura</span> <span class='ocrx_word' id='word_1_145' title='bbox 2405 2195 2530 2259; x_wconf 86' lang='lat' dir='ltr'>alio</span> <span class='ocrx_word' id='word_1_146' title='bbox 2590 2195 2728 2260; x_wconf 91' lang='lat' dir='ltr'>loco</span> 
     </span>
     <span class='ocr_line' id='line_1_24' title="bbox 658 2296 2728 2384; baseline -0 -19"><span class='ocrx_word' id='word_1_147' title='bbox 658 2300 736 2365; x_wconf 90' lang='lat' dir='ltr'>de</span> <span class='ocrx_word' id='word_1_148' title='bbox 770 2318 843 2363; x_wconf 92' lang='grc'>00</span> <span class='ocrx_word' id='word_1_149' title='bbox 877 2296 1145 2362; x_wconf 91' lang='lat' dir='ltr'>dicenda</span> <span class='ocrx_word' id='word_1_150' title='bbox 1176 2296 1322 2376; x_wconf 90' lang='lat' dir='ltr'>sint,</span> <span class='ocrx_word' id='word_1_151' title='bbox 1347 2297 1454 2361; x_wconf 91' lang='lat' dir='ltr'>hic</span> <span class='ocrx_word' id='word_1_152' title='bbox 1484 2300 1682 2362; x_wconf 87' lang='lat' dir='ltr'>taceo.</span> <span class='ocrx_word' id='word_1_153' title='bbox 1733 2296 2077 2362; x_wconf 87' lang='lat' dir='ltr'>Christiani</span> <span class='ocrx_word' id='word_1_154' title='bbox 2108 2300 2319 2363; x_wconf 85' lang='lat' dir='ltr'>autem</span> <span class='ocrx_word' id='word_1_155' title='bbox 2353 2297 2521 2384; x_wconf 88' lang='lat' dir='ltr'>signi</span> <span class='ocrx_word' id='word_1_156' title='bbox 2557 2300 2728 2365; x_wconf 89' lang='lat' dir='ltr'>illius</span> 
     </span>
     <span class='ocr_line' id='line_1_25' title="bbox 658 2401 2727 2487; baseline 0 -19"><span class='ocrx_word' id='word_1_157' title='bbox 658 2401 1197 2469; x_wconf 72' lang='lat' dir='ltr'>adumbrationem</span> <span class='ocrx_word' id='word_1_158' title='bbox 1245 2401 1519 2485; x_wconf 89' lang='lat' dir='ltr'>reperire</span> <span class='ocrx_word' id='word_1_159' title='bbox 1568 2401 1830 2467; x_wconf 91' lang='lat' dir='ltr'>minime</span> <span class='ocrx_word' id='word_1_160' title='bbox 1879 2403 2145 2482; x_wconf 89' lang='lat' dir='ltr'>mireris,</span> <span class='ocrx_word' id='word_1_161' title='bbox 2210 2423 2350 2468; x_wconf 91' lang='lat' dir='ltr'>cum</span> <span class='ocrx_word' id='word_1_162' title='bbox 2399 2405 2727 2487; x_wconf 88' lang='lat' dir='ltr'>cognitum</span> 
     </span>
     <span class='ocr_line' id='line_1_26' title="bbox 657 2506 2728 2574; baseline -0 -1"><span class='ocrx_word' id='word_1_163' title='bbox 657 2508 890 2573; x_wconf 87' lang='lat' dir='ltr'>habeas</span> <span class='ocrx_word' id='word_1_164' title='bbox 996 2506 1194 2572; x_wconf 90' lang='lat' dir='ltr'>multa</span> <span class='ocrx_word' id='word_1_165' title='bbox 1262 2507 1764 2573; x_wconf 81' lang='lat' dir='ltr'>Christianorum</span> <span class='ocrx_word' id='word_1_166' title='bbox 1841 2508 2176 2572; x_wconf 86' lang='lat' dir='ltr'>simulacra</span> <span class='ocrx_word' id='word_1_167' title='bbox 2252 2529 2290 2573; x_wconf 92' lang='lat' dir='ltr'>a</span> <span class='ocrx_word' id='word_1_168' title='bbox 2368 2509 2728 2574; x_wconf 85' lang='lat' dir='ltr'>Mithriacis</span> 
     </span>
     <span class='ocr_line' id='line_1_27' title="bbox 658 2611 2728 2692; baseline 0 -16"><span class='ocrx_word' id='word_1_169' title='bbox 658 2612 921 2676; x_wconf 88' lang='lat' dir='ltr'>minime</span> <span class='ocrx_word' id='word_1_170' title='bbox 954 2611 1367 2679; x_wconf 87' lang='lat' dir='ltr'>abhorruisse.</span> <span class='ocrx_word' id='word_1_171' title='bbox 1417 2611 1637 2692; x_wconf 81' lang='lat' dir='ltr'>Qualis</span> <span class='ocrx_word' id='word_1_172' title='bbox 1669 2612 1880 2676; x_wconf 89' lang='lat' dir='ltr'>autem</span> <span class='ocrx_word' id='word_1_173' title='bbox 1912 2631 2060 2677; x_wconf 88' lang='lat' dir='ltr'>usus</span> <span class='ocrx_word' id='word_1_174' title='bbox 2092 2613 2284 2677; x_wconf 88' lang='lat' dir='ltr'>fuerit</span> <span class='ocrx_word' id='word_1_175' title='bbox 2313 2613 2484 2679; x_wconf 89' lang='lat' dir='ltr'>illius</span> <span class='ocrx_word' id='word_1_176' title='bbox 2508 2615 2728 2691; x_wconf 75' lang='lat' dir='ltr'>crucia,</span> 
     </span>
     <span class='ocr_line' id='line_1_28' title="bbox 656 2712 2726 2800; baseline 0 -19"><span class='ocrx_word' id='word_1_177' title='bbox 656 2735 772 2799; x_wconf 89' lang='lat' dir='ltr'>pro</span> <span class='ocrx_word' id='word_1_178' title='bbox 835 2712 1007 2780; x_wconf 83' lang='lat' dir='ltr'>certo</span> <span class='ocrx_word' id='word_1_179' title='bbox 1055 2735 1177 2780; x_wconf 92' lang='lat' dir='ltr'>non</span> <span class='ocrx_word' id='word_1_180' title='bbox 1224 2715 1447 2795; x_wconf 88' lang='lat' dir='ltr'>habe0‚</span> <span class='ocrx_word' id='word_1_181' title='bbox 1502 2715 1872 2800; x_wconf 89' lang='lat' dir='ltr'>praesertim</span> <span class='ocrx_word' id='word_1_182' title='bbox 1937 2736 2078 2779; x_wconf 90' lang='lat' dir='ltr'>cum</span> <span class='ocrx_word' id='word_1_183' title='bbox 2141 2715 2358 2781; x_wconf 87' lang='lat' dir='ltr'>altaris</span> <span class='ocrx_word' id='word_1_184' title='bbox 2420 2718 2562 2783; x_wconf 92' lang='grc'>1000</span> <span class='ocrx_word' id='word_1_185' title='bbox 2636 2718 2726 2783; x_wconf 90' lang='lat' dir='ltr'>uti</span> 
     </span>
    </p>
   </div>
   <div class='ocr_carea' id='block_1_13' title="bbox 660 2817 2844 2905">
    <p class='ocr_par' dir='ltr' id='par_1_13' title="bbox 660 2817 2844 2905">
     <span class='ocr_line' id='line_1_29' title="bbox 660 2817 2844 2905; baseline -0.002 -20"><span class='ocrx_word' id='word_1_186' title='bbox 660 2841 732 2885; x_wconf 88' lang='lat' dir='ltr'>ea</span> <span class='ocrx_word' id='word_1_187' title='bbox 763 2840 885 2885; x_wconf 92' lang='lat' dir='ltr'>non</span> <span class='ocrx_word' id='word_1_188' title='bbox 917 2820 1242 2903; x_wconf 85' lang='lat' dir='ltr'>potuerint</span> <span class='ocrx_word' id='word_1_189' title='bbox 1271 2819 1557 2888; x_wconf 88' lang='lat' dir='ltr'>cultores.</span> <span class='ocrx_word' id='word_1_190' title='bbox 1605 2822 1700 2885; x_wconf 88' lang='lat' dir='ltr'>De</span> <span class='ocrx_word' id='word_1_191' title='bbox 1734 2820 1895 2884; x_wconf 89' lang='lat' dir='ltr'>tauri</span> <span class='ocrx_word' id='word_1_192' title='bbox 1931 2820 2313 2885; x_wconf 73' lang='lat' dir='ltr'>mactatione</span> <span class='ocrx_word' id='word_1_193' title='bbox 2347 2819 2486 2903; x_wconf 89' lang='lat' dir='ltr'>ipsa</span> <span class='ocrx_word' id='word_1_194' title='bbox 2516 2820 2727 2905; x_wconf 88' lang='lat' dir='ltr'>imago</span> <span class='ocrx_word' id='word_1_195' title='bbox 2833 2817 2844 2880; x_wconf 80' lang='grc'>.’</span> 
     </span>
    </p>
   </div>
   <div class='ocr_carea' id='block_1_14' title="bbox 656 2922 2729 3529">
    <p class='ocr_par' dir='ltr' id='par_1_14' title="bbox 658 2922 2729 3218">
     <span class='ocr_line' id='line_1_30' title="bbox 658 2922 2729 3008; baseline -0 -19"><span class='ocrx_word' id='word_1_196' title='bbox 658 2925 751 2989; x_wconf 92' lang='lat' dir='ltr'>nil</span> <span class='ocrx_word' id='word_1_197' title='bbox 810 2925 1070 3008; x_wconf 76' lang='lat' dir='ltr'>praebet</span> <span class='ocrx_word' id='word_1_198' title='bbox 1129 2924 1252 2989; x_wconf 91' lang='lat' dir='ltr'>nisi</span> <span class='ocrx_word' id='word_1_199' title='bbox 1310 2924 1513 2990; x_wconf 88' lang='lat' dir='ltr'>stellis</span> <span class='ocrx_word' id='word_1_200' title='bbox 1575 2926 1945 2990; x_wconf 85' lang='lat' dir='ltr'>exornatum</span> <span class='ocrx_word' id='word_1_201' title='bbox 1990 2922 2262 2989; x_wconf 87' lang='lat' dir='ltr'>Mithrae</span> <span class='ocrx_word' id='word_1_202' title='bbox 2322 2924 2594 3006; x_wconf 89' lang='lat' dir='ltr'>pallium</span> <span class='ocrx_word' id='word_1_203' title='bbox 2661 2944 2729 2988; x_wconf 92' lang='lat' dir='ltr'>ac</span> 
     </span>
     <span class='ocr_line' id='line_1_31' title="bbox 658 3026 2726 3113; baseline -0.002 -19"><span class='ocrx_word' id='word_1_204' title='bbox 658 3030 897 3113; x_wconf 87' lang='lat' dir='ltr'>spicam</span> <span class='ocrx_word' id='word_1_205' title='bbox 965 3029 1228 3094; x_wconf 89' lang='lat' dir='ltr'>ultimae</span> <span class='ocrx_word' id='word_1_206' title='bbox 1296 3030 1495 3111; x_wconf 88' lang='lat' dir='ltr'>partis</span> <span class='ocrx_word' id='word_1_207' title='bbox 1566 3030 1796 3093; x_wconf 87' lang='lat' dir='ltr'>caudae</span> <span class='ocrx_word' id='word_1_208' title='bbox 1861 3026 2029 3093; x_wconf 88' lang='lat' dir='ltr'>tauri</span> <span class='ocrx_word' id='word_1_209' title='bbox 2105 3026 2315 3093; x_wconf 87' lang='lat' dir='ltr'>locum</span> <span class='ocrx_word' id='word_1_210' title='bbox 2381 3028 2726 3093; x_wconf 89' lang='lat' dir='ltr'>tenentem.</span> 
     </span>
     <span class='ocr_line' id='line_1_32' title="bbox 660 3132 2725 3218; baseline -0.001 -19"><span class='ocrx_word' id='word_1_211' title='bbox 660 3133 1016 3199; x_wconf 85' lang='lat' dir='ltr'>Artificium</span> <span class='ocrx_word' id='word_1_212' title='bbox 1050 3134 1256 3218; x_wconf 88' lang='lat' dir='ltr'>ectypi</span> <span class='ocrx_word' id='word_1_213' title='bbox 1289 3133 1560 3198; x_wconf 89' lang='lat' dir='ltr'>formam</span> <span class='ocrx_word' id='word_1_214' title='bbox 1591 3134 1897 3216; x_wconf 87' lang='lat' dir='ltr'>praebens</span> <span class='ocrx_word' id='word_1_215' title='bbox 1931 3132 2083 3196; x_wconf 88' lang='lat' dir='ltr'>artis</span> <span class='ocrx_word' id='word_1_216' title='bbox 2125 3149 2250 3195; x_wconf 90' lang='lat' dir='ltr'>non</span> <span class='ocrx_word' id='word_1_217' title='bbox 2297 3133 2391 3197; x_wconf 89' lang='lat' dir='ltr'>est</span> <span class='ocrx_word' id='word_1_218' title='bbox 2424 3134 2725 3215; x_wconf 89' lang='lat' dir='ltr'>optimae.</span> 
     </span>
    </p>

    <p class='ocr_par' dir='ltr' id='par_1_15' title="bbox 656 3236 2728 3529">
     <span class='ocr_line' id='line_1_33' title="bbox 832 3236 2727 3321; baseline 0 -18"><span class='ocrx_word' id='word_1_219' title='bbox 832 3239 1056 3303; x_wconf 85' lang='lat' dir='ltr'>Altera</span> <span class='ocrx_word' id='word_1_220' title='bbox 1117 3238 1384 3321; x_wconf 86' lang='lat' dir='ltr'>paginae</span> <span class='ocrx_word' id='word_1_221' title='bbox 1428 3237 1640 3320; x_wconf 89' lang='lat' dir='ltr'>imago</span> <span class='ocrx_word' id='word_1_222' title='bbox 1707 3255 1805 3302; x_wconf 87' lang='lat' dir='ltr'>res</span> <span class='ocrx_word' id='word_1_223' title='bbox 1861 3237 2109 3300; x_wconf 88' lang='lat' dir='ltr'>tantum</span> <span class='ocrx_word' id='word_1_224' title='bbox 2173 3236 2459 3320; x_wconf 87' lang='lat' dir='ltr'>cognitas</span> <span class='ocrx_word' id='word_1_225' title='bbox 2514 3237 2727 3316; x_wconf 85' lang='lat' dir='ltr'>habet,</span> 
     </span>
     <span class='ocr_line' id='line_1_34' title="bbox 658 3340 2727 3426; baseline -0.001 -18"><span class='ocrx_word' id='word_1_226' title='bbox 658 3344 919 3426; x_wconf 83' lang='lat' dir='ltr'>excepta</span> <span class='ocrx_word' id='word_1_227' title='bbox 965 3361 1027 3408; x_wconf 89' lang='lat' dir='ltr'>re</span> <span class='ocrx_word' id='word_1_228' title='bbox 1053 3342 1322 3425; x_wconf 88' lang='lat' dir='ltr'>quadarn</span> <span class='ocrx_word' id='word_1_229' title='bbox 1350 3341 1682 3423; x_wconf 86' lang='lat' dir='ltr'>pharetrae</span> <span class='ocrx_word' id='word_1_230' title='bbox 1730 3342 1795 3408; x_wconf 87' lang='lat' dir='ltr'>et</span> <span class='ocrx_word' id='word_1_231' title='bbox 1840 3359 2017 3406; x_wconf 86' lang='lat' dir='ltr'>arcus</span> <span class='ocrx_word' id='word_1_232' title='bbox 2043 3340 2529 3406; x_wconf 84' lang='lat' dir='ltr'>similitudinem</span> <span class='ocrx_word' id='word_1_233' title='bbox 2577 3360 2727 3425; x_wconf 87' lang='lat' dir='ltr'>prae</span> 
     </span>
     <span class='ocr_line' id='line_1_35' title="bbox 656 3443 2728 3529; baseline 0 -18"><span class='ocrx_word' id='word_1_234' title='bbox 656 3464 721 3513; x_wconf 89' lang='lat' dir='ltr'>se</span> <span class='ocrx_word' id='word_1_235' title='bbox 766 3448 1030 3513; x_wconf 88' lang='lat' dir='ltr'>ferente.</span> <span class='ocrx_word' id='word_1_236' title='bbox 1094 3448 1188 3511; x_wconf 88' lang='lat' dir='ltr'>De</span> <span class='ocrx_word' id='word_1_237' title='bbox 1223 3465 1344 3529; x_wconf 89' lang='lat' dir='ltr'>qua</span> <span class='ocrx_word' id='word_1_238' title='bbox 1376 3465 1516 3511; x_wconf 90' lang='lat' dir='ltr'>cum</span> <span class='ocrx_word' id='word_1_239' title='bbox 1549 3445 1722 3512; x_wconf 92' lang='lat' dir='ltr'>nullo</span> <span class='ocrx_word' id='word_1_240' title='bbox 1772 3445 1896 3511; x_wconf 88' lang='lat' dir='ltr'>alio</span> <span class='ocrx_word' id='word_1_241' title='bbox 1943 3443 2081 3511; x_wconf 90' lang='grc'>1000</span> <span class='ocrx_word' id='word_1_242' title='bbox 2128 3446 2253 3511; x_wconf 90' lang='lat' dir='ltr'>nisi</span> <span class='ocrx_word' id='word_1_243' title='bbox 2299 3446 2364 3509; x_wconf 92' lang='lat' dir='ltr'>in</span> <span class='ocrx_word' id='word_1_244' title='bbox 2398 3445 2728 3511; x_wconf 89' lang='lat' dir='ltr'>simulacro</span> 
     </span>
    </p>
   </div>
   <div class='ocr_carea' id='block_1_15' title="bbox 656 3543 2846 3633">
    <p class='ocr_par' dir='ltr' id='par_1_16' title="bbox 656 3543 2846 3633">
     <span class='ocr_line' id='line_1_36' title="bbox 656 3543 2846 3633; baseline -0.001 -17"><span class='ocrx_word' id='word_1_245' title='bbox 656 3550 929 3633; x_wconf 91' lang='lat' dir='ltr'>quodam</span> <span class='ocrx_word' id='word_1_246' title='bbox 978 3549 1200 3616; x_wconf 87' lang='lat' dir='ltr'>dubiae</span> <span class='ocrx_word' id='word_1_247' title='bbox 1246 3550 1635 3633; x_wconf 88' lang='lat' dir='ltr'>integritatis</span> <span class='ocrx_word' id='word_1_248' title='bbox 1679 3549 1850 3614; x_wconf 86' lang='lat' dir='ltr'>idem</span> <span class='ocrx_word' id='word_1_249' title='bbox 1895 3552 2109 3616; x_wconf 90' lang='lat' dir='ltr'>fictum</span> <span class='ocrx_word' id='word_1_250' title='bbox 2155 3550 2373 3629; x_wconf 86' lang='lat' dir='ltr'>fuerit,</span> <span class='ocrx_word' id='word_1_251' title='bbox 2433 3550 2617 3633; x_wconf 87' lang='lat' dir='ltr'>plura</span> <span class='ocrx_word' id='word_1_252' title='bbox 2665 3570 2730 3615; x_wconf 90' lang='lat' dir='ltr'>re</span> <span class='ocrx_word' id='word_1_253' title='bbox 2837 3543 2846 3552; x_wconf 84' lang='grc'><strong>’</strong></span> 
     </span>
    </p>
   </div>
   <div class='ocr_carea' id='block_1_16' title="bbox 654 3655 2732 3737">
    <p class='ocr_par' dir='ltr' id='par_1_17' title="bbox 654 3655 2732 3737">
     <span class='ocr_line' id='line_1_37' title="bbox 654 3655 2732 3737; baseline -0.001 -17"><span class='ocrx_word' id='word_1_254' title='bbox 654 3674 802 3720; x_wconf 88' lang='lat' dir='ltr'>vera</span> <span class='ocrx_word' id='word_1_255' title='bbox 846 3673 1220 3736; x_wconf 84' lang='lat' dir='ltr'>cognoscere</span> <span class='ocrx_word' id='word_1_256' title='bbox 1266 3673 1391 3720; x_wconf 90' lang='lat' dir='ltr'>non</span> <span class='ocrx_word' id='word_1_257' title='bbox 1437 3673 1709 3736; x_wconf 88' lang='lat' dir='ltr'>possum.</span> <span class='ocrx_word' id='word_1_258' title='bbox 1769 3655 1864 3718; x_wconf 92' lang='lat' dir='ltr'>De</span> <span class='ocrx_word' id='word_1_259' title='bbox 1907 3657 2215 3737; x_wconf 88' lang='lat' dir='ltr'>tempore,</span> <span class='ocrx_word' id='word_1_260' title='bbox 2261 3674 2380 3737; x_wconf 89' lang='lat' dir='ltr'>quo</span> <span class='ocrx_word' id='word_1_261' title='bbox 2428 3655 2597 3719; x_wconf 85' lang='lat' dir='ltr'>facta</span> <span class='ocrx_word' id='word_1_262' title='bbox 2646 3655 2732 3719; x_wconf 86' lang='lat' dir='ltr'>sit</span> 
     </span>
    </p>
   </div>
   <div class='ocr_carea' id='block_1_17' title="bbox 655 3753 2866 3843">
    <p class='ocr_par' dir='ltr' id='par_1_18' title="bbox 655 3753 2866 3843">
     <span class='ocr_line' id='line_1_38' title="bbox 655 3753 2866 3843; baseline -0 -18"><span class='ocrx_word' id='word_1_263' title='bbox 655 3760 887 3843; x_wconf 88' lang='lat' dir='ltr'>imago,</span> <span class='ocrx_word' id='word_1_264' title='bbox 944 3759 1275 3840; x_wconf 88' lang='lat' dir='ltr'>inscriptio</span> <span class='ocrx_word' id='word_1_265' title='bbox 1344 3757 1606 3841; x_wconf 87' lang='lat' dir='ltr'>podium</span> <span class='ocrx_word' id='word_1_266' title='bbox 1655 3777 1882 3823; x_wconf 89' lang='lat' dir='ltr'>ornans</span> <span class='ocrx_word' id='word_1_267' title='bbox 1951 3759 2045 3823; x_wconf 91' lang='lat' dir='ltr'>nil</span> <span class='ocrx_word' id='word_1_268' title='bbox 2114 3777 2224 3823; x_wconf 88' lang='lat' dir='ltr'>nos</span> <span class='ocrx_word' id='word_1_269' title='bbox 2269 3759 2473 3824; x_wconf 85' lang='lat' dir='ltr'>docet.</span> <span class='ocrx_word' id='word_1_270' title='bbox 2565 3759 2730 3824; x_wconf 90' lang='lat' dir='ltr'>Prae</span> <span class='ocrx_word' id='word_1_271' title='bbox 2849 3753 2866 3828; x_wconf 80' lang='grc'>.“</span> 
     </span>
    </p>
   </div>
   <div class='ocr_carea' id='block_1_18' title="bbox 656 3862 2730 4032">
    <p class='ocr_par' dir='ltr' id='par_1_19' title="bbox 656 3862 2730 4032">
     <span class='ocr_line' id='line_1_39' title="bbox 656 3862 2730 3946; baseline 0 -18"><span class='ocrx_word' id='word_1_272' title='bbox 656 3862 883 3928; x_wconf 88' lang='lat' dir='ltr'>ceteris</span> <span class='ocrx_word' id='word_1_273' title='bbox 928 3862 1092 3928; x_wconf 85' lang='lat' dir='ltr'>hanc</span> <span class='ocrx_word' id='word_1_274' title='bbox 1145 3863 1492 3946; x_wconf 88' lang='lat' dir='ltr'>imaginem</span> <span class='ocrx_word' id='word_1_275' title='bbox 1554 3864 1843 3946; x_wconf 86' lang='lat' dir='ltr'>ectypam</span> <span class='ocrx_word' id='word_1_276' title='bbox 1897 3863 2056 3927; x_wconf 90' lang='lat' dir='ltr'>bene</span> <span class='ocrx_word' id='word_1_277' title='bbox 2107 3881 2241 3927; x_wconf 86' lang='lat' dir='ltr'>esse</span> <span class='ocrx_word' id='word_1_278' title='bbox 2293 3864 2730 3929; x_wconf 87' lang='lat' dir='ltr'>conservatam</span> 
     </span>
     <span class='ocr_line' id='line_1_40' title="bbox 656 3967 1160 4032; baseline 0.004 -2"><span class='ocrx_word' id='word_1_279' title='bbox 656 3968 754 4031; x_wconf 91' lang='lat' dir='ltr'>est</span> <span class='ocrx_word' id='word_1_280' title='bbox 797 3967 1160 4032; x_wconf 87' lang='lat' dir='ltr'>notandum.</span> 
     </span>
    </p>
   </div>
   <div class='ocr_carea' id='block_1_19' title="bbox 656 4121 2734 4311">
    <p class='ocr_par' dir='ltr' id='par_1_20' title="bbox 656 4121 2734 4311">
     <span class='ocr_line' id='line_1_41' title="bbox 829 4121 2732 4207; baseline 0.001 -19"><span class='ocrx_word' id='word_1_281' title='bbox 829 4121 1122 4206; x_wconf 87' lang='lat' dir='ltr'>Sequitur</span> <span class='ocrx_word' id='word_1_282' title='bbox 1185 4122 1610 4202; x_wconf 87' lang='lat' dir='ltr'>simulacrum,</span> <span class='ocrx_word' id='word_1_283' title='bbox 1658 4123 1724 4187; x_wconf 91' lang='lat' dir='ltr'>in</span> <span class='ocrx_word' id='word_1_284' title='bbox 1785 4142 1902 4206; x_wconf 90' lang='lat' dir='ltr'>quo</span> <span class='ocrx_word' id='word_1_285' title='bbox 1962 4124 2170 4207; x_wconf 89' lang='lat' dir='ltr'>primo</span> <span class='ocrx_word' id='word_1_286' title='bbox 2236 4122 2414 4206; x_wconf 90' lang='lat' dir='ltr'>quasi</span> <span class='ocrx_word' id='word_1_287' title='bbox 2462 4123 2732 4189; x_wconf 88' lang='lat' dir='ltr'>circulus</span> 
     </span>
     <span class='ocr_line' id='line_1_42' title="bbox 656 4227 2734 4311; baseline 0.001 -21"><span class='ocrx_word' id='word_1_288' title='bbox 656 4227 888 4310; x_wconf 85' lang='lat' dir='ltr'>gladio,</span> <span class='ocrx_word' id='word_1_289' title='bbox 937 4227 1139 4306; x_wconf 85' lang='lat' dir='ltr'>altari,</span> <span class='ocrx_word' id='word_1_290' title='bbox 1195 4227 1415 4293; x_wconf 86' lang='lat' dir='ltr'>baculo</span> <span class='ocrx_word' id='word_1_291' title='bbox 1464 4247 1604 4293; x_wconf 88' lang='lat' dir='ltr'>cum</span> <span class='ocrx_word' id='word_1_292' title='bbox 1634 4228 1818 4305; x_wconf 88' lang='lat' dir='ltr'>tiara,</span> <span class='ocrx_word' id='word_1_293' title='bbox 1876 4229 2115 4308; x_wconf 90' lang='lat' dir='ltr'>arbore,</span> <span class='ocrx_word' id='word_1_294' title='bbox 2163 4228 2432 4293; x_wconf 87' lang='lat' dir='ltr'>eundem</span> <span class='ocrx_word' id='word_1_295' title='bbox 2480 4247 2734 4311; x_wconf 87' lang='lat' dir='ltr'>semper</span> 
     </span>
    </p>
   </div>
   <div class='ocr_carea' id='block_1_20' title="bbox 2815 73 2891 4701">
    <p class='ocr_par' dir='ltr' id='par_1_21' title="bbox 2815 73 2891 4701">
     <span class='ocr_line' id='line_1_43' title="bbox 2815 73 2891 4701; baseline 0 0"><span class='ocrx_word' id='word_1_296' title='bbox 2815 73 2891 4701; x_wconf 95' lang='lat' dir='ltr'> </span> 
     </span>
    </p>
   </div>
  </div>
 </body>
</html>
