2925 4802
1665 220 1750 285 30

674 373 963 488 naturam
1010 425 1185 493 nulla
1230 423 1498 489 aliorum
1543 425 1915 491 testimonia
1948 424 2330 507 scriptorum
2364 424 2580 508 signifi

676 526 846 607 Quae
894 547 1033 592 cum
1080 528 1172 591 ita
1217 527 1366 607 sint,
1411 527 1833 612 Porphyrium
1879 530 1999 594 hoc
2046 548 2289 612 quoque
2337 530 2477 594 loco
2510 529 2663 611 opti

675 650 882 697 veram
933 631 1055 696 Dei
1099 632 1387 706 naturam
1434 651 1737 716 cognosse
1784 633 2004 715 negari
2049 634 2282 716 potest.
2363 708 2366 713 ,

192 830 266 885 xv
308 830 603 911 4.·Porphy-
849 823 945 887 De
992 823 1269 888 Mithrae
1327 823 1395 887 in
1439 825 1693 889 zodiaco
1751 823 2067 907 positione
2128 823 2324 888 tradit
2367 823 2778 908 Porphyrius

346 917 465 954 ‘¹¹¹⁸‘
676 926 741 989 in
774 926 978 1009 capite
1017 926 1321 992 vicesimo
1355 929 1577 1009 quarto
1607 927 1787 992 libri:
1841 929 1936 993 De
1985 931 2164 993 antro
2196 928 2648 1021 Nympharum
2688 966 2776 976 —-

674 1033 804 1095 fere
848 1030 1004 1099 haec
1036 1040 1287 1123 ψυχαῖς
1317 1033 1389 1100 δὲ·
1432 1031 1739 1117 γενέσεως
1777 1034 1888 1125 καὶ
1928 1029 2381 1121 α’πογενέσεως
2413 1031 2658 1100 οἰκεῖοι
2714 1032 2780 1100 οἱ

673 1133 872 1223 τόποι
907 1142 1002 1222 τῷ
1043 1135 1160 1219 μὲν
1204 1134 1317 1202 οὖν
1348 1138 1593 1225 Μίθρᾳ
1637 1135 1879 1203 οἰκείαν
1913 1137 2244 1227 καθέδραν
2272 1135 2389 1229 τῆν
2428 1135 2600 1203 κατὰ
2651 1139 2782 1215 τάς

676 1238 1020 1328 ἰσημερίας
1066 1238 1411 1320 ὑπέταξαν·
1491 1239 1596 1305 διὸ
1628 1245 1818 1327 κριοῦ
1859 1240 1975 1324 μὲν
2020 1238 2207 1328 φέρει
2238 1237 2481 1329 άρηΐου
2511 1238 2779 1327 ζωδίου

673 1341 789 1427 τήν
835 1341 1182 1432 μάχαιραν·
1274 1341 1610 1426 ἐποχεῖται
1668 1343 1737 1410 δὲ
1783 1340 2005 1431 ταύρῳ
2059 1329 2449 1430 α’φροδίτης,
2513 1342 2612 1421 oig-
2664 1344 2779 1408 καὶ

676 1445 711 1511 ὁ
742 1454 1003 1530 ταῦρος,
1034 1446 1429 1534 δημιουργός
1458 1447 1546 1509 ὢν
1576 1442 1611 1510 ὁ
1633 1446 1912 1533 Mamas
1940 1446 2049 1511 καὶ
2072 1444 2374 1531 γενέσεως
2404 1444 2777 1531 δεσπότης,

673 1547 835 1615 κατά
863 1550 975 1614 τὸν
1005 1547 1376 1637 ἰσημερινὸν
1400 1549 1469 1621 δὲ
1505 1547 1802 1615 τέτακται
1838 1548 2067 1615 κύκλον
2090 1547 2158 1629 ¹).
2237 1546 2526 1631 Longum
2552 1566 2777 1631 neque

586 1708 593 1723 ,
674 1670 885 1716 meum
919 1653 1012 1716 est
1042 1652 1389 1717 accuratius
1421 1672 1554 1718 rem
1582 1651 1760 1715 illam
1784 1651 2187 1735 investigare,
2222 1642 2366 1716 cum
2399 1651 2477 1716 de
2499 1650 2779 1736 Aegyp-

670 1755 928 1834 tiorum,
956 1774 1080 1819 non
1109 1757 1186 1821 de
1207 1757 1654 1833 Romanorum,
1682 1757 1854 1821 cultu
1887 1755 2186 1835 deiillius
2218 1756 2489 1838 scriptor
2522 1758 2777 1822 narret.
2831 1766 2832 1771 ’

680 1860 764 1925 At
808 1862 929 1925 hoc
975 1879 1217 1943 quoque
1275 1880 1307 1924 e
1350 1861 1718 1926 testimonio
1780 1862 1983 1929 elucet
2017 1861 2459 1946 ,Porphyrium
2497 1861 2777 1946 'Eubulo

677 1965 740 2028 et
796 1962 1081 2028 Pallante
1152 1964 1420 2041 ‚testibus
1491 1984 1668 2029 usum
1737 1965 1812 2028 de
1871 1963 2109 2028 Mithra
2171 1964 2450 2051 omnium
2519 1966 2778 2047 optime

675 2068 1054 2132 disseruisse.

193 2272 267 2326 XV
311 2270 606 2352 53P0rphy-
676 2336 679 2341 ,
850 2277 1117 2342 Uberius
1163 2276 1550 2361 Porphyrius
1597 2276 1722 2361 alio
1770 2278 1911 2362 loco
1959 2277 2139 2343 libri:
2188 2278 2284 2365 De
2330 2280 2513 2343 antro
2555 2279 2780 2363 Nym-

339 2358 458 2394 nus.
672 2381 943 2465 pharum
976 2420 1058 2430 --
1093 2381 1407 2448 disseruit.
1502 2380 1655 2446 Cum
1699 2381 1867 2445 enim
1913 2379 2187 2464 explicet
2229 2381 2456 2446 Persas
2505 2382 2778 2448 animae
2831 2380 2832 2385 ’

625 2511 635 2522 ’
677 2487 1046 2551 descensum
1100 2486 1166 2549 in
1210 2485 1508 2552 inferiora
1553 2486 1617 2549 et
1646 2485 2078 2575 ¹reversionem
2126 2486 2256 2549 eius
2309 2486 2396 2550 ad
2434 2488 2780 2568 superiora

676 2589 1106 2673 significantes
1173 2588 1565 2653 sacerdotem
1650 2588 1935 2653 initiasse
2022 2587 2147 2671 ipsi
2214 2588 2354 2654 loco
2417 2591 2776 2672 speluncae

677 2692 930 2758 nomine
989 2693 1289 2775 imposito
1352 2693 1565 2774 pergit
1617 2699 1847 2782 πρῶτα
1898 2694 2031 2779 μὲν,
2094 2695 2187 2774 (ἇς
2239 2691 2367 2783 ἔφη
2419 2693 2779 2780 Εὔβουλος

674 2794 1104 2886 Ζωροάστρου
1135 2793 1464 2885 αὐτοφυὲς
1498 2793 1823 2883 σπήλαιον
1852 2795 1920 2862 ἐν
1949 2803 2089 2876 τοῖς
2118 2798 2396 2883 πλησίον
2426 2798 2610 2884 ὄρεσι
2655 2801 2779 2886 τήν

676 2890 1000 2989 Περσίδος
1028 2897 1308 2990 άνὸηρὸν
1351 2902 1460 2967 καὶ
1505 2901 1721 2987 πηγάς
1763 2898 1909 2985 ἔχον
1938 2898 2408 2992 ἀνιερώσαντος
2435 2900 2532 2985 εἷς
2558 2906 2780 2990 τιμήν
2815 2929 2822 2936 ·

671 3016 793 3090 τοῦ
829 2995 1087 3071 πάντων
1127 3013 1407 3091 ποιητοῦ
1437 3005 1546 3070 καὶ
1576 3007 1819 3084 παιδος
1848 3005 2148 3094 Μίθρου,
2197 3003 2412 3073 εἰκόνα
2443 3005 2779 3094 φέροιτος

674 3101 855 3196 αὐτῷ
897 3116 1016 3175 τοῦ
1059 3109 1385 3196 σπηλαίου
1427 3117 1551 3175 τοῦ
1578 3106 1850 3192 κόσμου,
1899 3109 1971 3176 ὃν
2016 3107 2049 3175 ὁ
2074 3110 2366 3195 ’Μίθρας
2408 3108 2779 3201 ἐδημιούρ-

669 3201 843 3302 γησε.
918 3219 1048 3278 τῶν
1092 3213 1164 3280 δὲ
1206 3212 1388 3306 ἐντος
1431 3214 1594 3280 κατὰ
1650 3214 2058 3302 συμμέτρους
2107 3211 2535 3292 ἀποστάσεις,
2591 3216 2775 3301 σύμ-

671 3318 837 3401 βολα
861 3313 1186 3406 φερόντων
1208 3314 1338 3382 τῶν
1355 3323 1684 3399 κοσμικιῦν-
1699 3316 2036 3400 στοιχείων
2058 3317 2167 3383 καὶ
2192 3313 2536 3407 κλιμάκων·
2582 3318 2773 3399 μετά

668 3429 904 3515 τοῦτον
932 3423 1044 3486 τὸν
1072 3418 1509 3511 Ζωροάστρην
1538 3418 1974 3509 κρατήσαντος
2003 3422 2110 3487 καὶ
2143 3420 2329 3510 παρά
2361 3427 2498 3498 τοῖς
2530 3420 2775 3499 ἄλλοις

666 3524 757 3612 ,δι’
804 3525 1046 3613 ἄντρων
1089 3524 1201 3590 καὶ
1244 3524 1599 3609 σπηλαίων,
1647 3522 1762 3589 εἴτ’
1815 3520 1930 3589 οὖν
1975 3517 2329 3612 αὐτοφυῶν
2373 3525 2500 3590 εἴτε
2546 3547 2774 3611 χειρο-

665 3621 965 3715 ’ποιητῶν
1034 3627 1156 3706 τάς
1248 3629 1515 3706 τελετάς
1608 3624 2000 3694 ἀποδιδόναι
2030 3626 2102 3708 ²).
2219 3625 2526 3689 'Primum
2603 3626 2774 3692 licet

675 3733 950 3796 statuere
980 3816 984 3821 .
1011 3732 1133 3795 hoc
1204 3750 1448 3813 quoque
1511 3731 1648 3796 loco
1712 3731 2086 3814 scriptorem
2153 3730 2398 3795 Eubulo
2459 3729 2771 3811 quodam,

664 3814 859 3918 ⁴quem
907 3836 1145 3900 cultum
1191 3836 1313 3899 iam
1366 3836 1443 3899 ab
1492 3834 1956 3916 antiquissimis
2001 3834 2390 3915 temporibus
2425 3835 2769 3916 peractum

674 3959 996 4006 enarrasse
1056 3940 1263 4005 verbis
1325 3938 1485 4021 ipsis
1546 3935 1800 4003 traditis
1862 3939 2060 4021 patet,
2119 3935 2214 4002 uti
2259 3939 2441 4003 teste.
2533 3937 2771 4024 Neque

815 4114 853 4182 ¹)
892 4114 936 4167 l.
966 4131 1009 4167 c.
1048 4116 1132 4166 22.

809 4201 850 4270 ²)
890 4201 924 4254 1.
964 4217 1008 4257 c.
1047 4203 1096 4254 7.
1133 4201 1195 4265 (e.
1235 4200 1305 4268 6.)
