2925 4802
2541 86 2600 103 ,f
2665 86 2868 203 ,Ἦ

1635 297 1723 361 42

650 524 746 590 (ut
826 511 899 573 de
988 511 1121 597 ipso
1208 507 1611 595 respondeam
1701 508 1868 595 qaod
1947 508 2318 594 queruntur)
2396 523 2764 594 captarum

647 614 993 681 simulacra
1068 615 1332 695 urbium,
1406 615 1710 700 victosque
1779 614 1944 677 Deos
2017 627 2074 678 et
2124 613 2503 699 pereyrz'nos
2585 614 2764 676 rictas

647 740 971 781 sacrorum
1017 718 1258 781 alienae
1303 718 1758 803 superstitionis
1805 718 2040 780 aemuli
2081 718 2489 802 receperunt?
2568 715 2761 780 Unde

650 823 840 906 iqitur
883 822 1251 907 eaeemplum,
1298 820 1464 907 quod
1506 844 1734 884 curras
1793 845 1942 885 suos
1986 821 2276 885 simulato
2321 820 2641 883 Almonis
2695 820 2762 882 in

642 927 900 1009 flumine
964 926 1134 989 lavat
1197 925 1457 1011 Cybele?
1547 925 1718 989 Unde
1783 926 2053 1010 Phr-9952·
2109 938 2296 1005 vates,
2365 938 2424 987 et
2491 947 2762 1010 semper

649 1030 853 1093 invisa
901 1030 1207 1093 Romanis
1252 1053 1371 1093 non
1418 1053 1653 1114 aequae
1707 1030 2109 1116 Carthaginis
2155 1029 2461 1091 numina?
2531 1030 2760 1106 Quam

656 1133 986 1197 Caelestem
1012 1133 1184 1219 Afri,
1212 1134 1475 1196 Mitram
1498 1134 1616 1217 (sic
1643 1132 1877 1198 habent
1903 1134 2150 1198 codices
2174 1132 2435 1214 optimi)
2467 1132 2754 1212 Persae,

646 1238 925 1321 plerique
974 1238 1261 1300 Venerem
1293 1238 1518 1318 colunt,
1555 1262 1681 1322 pro
1714 1237 2071 1301 diversitate
2114 1237 2400 1315 nominis,
2445 1262 2576 1300 non
2619 1261 2757 1323 pro

648 1342 923 1404 numinis
956 1343 1248 1404 varietate
1274 1341 1340 1419 1).
1401 1340 1557 1405 Cum
1581 1341 1749 1404 enim
1776 1342 2185 1424 Symmachus
2205 1342 2347 1406 urbi
2370 1341 2755 1422 praefectus

649 1446 818 1508 iussu
863 1445 1111 1509 senatus
1157 1445 1580 1524 contenderet,
1625 1445 1697 1508 ut
1742 1444 1943 1508 cultus
1978 1445 2230 1509 deorum
2275 1447 2525 1509 veteres
2576 1443 2774 1510 ritus‘

649 1550 815 1614 circa
876 1548 1129 1614 deorum
1177 1548 1412 1614 cultum
1473 1552 1880 1627 servarentur,
1949 1548 2215 1630 scriptor
2276 1550 2491 1613 noster
2535 1550 2755 1615 eccle-

649 1653 936 1717 siasticus
1006 1653 1452 1734 imperatorem
1524 1654 1661 1718 orat
1722 1655 1907 1734 atque
1976 1653 2261 1716 obsecrat
2329 1653 2751 1735 gravissimis

648 1756 870 1835 verbiS,
904 1776 981 1820 ne
1006 1758 1160 1821 haec
1184 1757 1320 1820 fieri
1354 1756 1702 1838 permittat.
1773 1754 1951 1834 Quod
1982 1759 2056 1820 ut
2102 1755 2336 1820 efficiat
2388 1756 2752 1822 ridiculum

651 1862 904 1925 deorum
971 1861 1211 1925 cultum
1284 1880 1416 1924 esse
1498 1861 1829 1925 ostendens
1905 1864 2211 1925 memorat
2301 1880 2456 1943 quae
2542 1881 2751 1944 supra

651 1965 1234 2030 demonstravimus.
1280 1964 1683 2030 Ambrosium
1728 1967 1936 2028 autem
1969 1984 2091 2030 non
2137 1965 2363 2029 clarius
2394 1968 2502 2030 aut
2546 1985 2755 2030 accu-

649 2071 843 2135 ratius
888 2071 1160 2134 Mithrae
1207 2069 1443 2134 cultum
1505 2070 1856 2133 Romanum
1917 2070 2298 2151 comperisse
2373 2089 2449 2160 ex
2524 2071 2753 2135 verbis

651 2174 854 2239 elucet
923 2193 1078 2257 quae
1144 2176 1289 2237 sunt
1344 2197 1531 2258 quam
1583 2174 1864 2258 plerique
1941 2173 2229 2236 Venerem
2296 2173 2517 2238 colunt.
2639 2175 2749 2240 Ab

650 2279 816 2343 illius
841 2279 1010 2343 enim
1036 2278 1184 2343 deae
1208 2277 1377 2343 cultu
1401 2276 1523 2341 Dei
1550 2277 1776 2341 Invicti
1799 2277 1963 2358 apud
1975 2279 2289 2342 Romanos
2317 2280 2750 2363 propagatam

648 2382 1116 2449 venerationem
1130 2383 1311 2447 valde
1328 2381 1669 2464 divergisse
1698 2381 1835 2464 quis
1860 2384 1955 2446 est
1976 2382 2122 2465 quin
2135 2383 2313 2448 sciat.
2350 2383 2504 2448 Cum
2522 2385 2750 2448 autem

651 2507 848 2569 neque
873 2508 909 2552 a
935 2486 1329 2571 Symmacho,
1358 2488 1532 2551 cuius
1557 2485 1806 2551 litterae
1823 2485 2121 2568 epistolae
2143 2486 2289 2550 huic
2307 2487 2747 2569 praescriptae

649 2593 912 2669 exstant,
986 2610 1183 2674 neque
1244 2612 1281 2656 a
1346 2591 1651 2673 scriptore
1739 2590 1879 2671 ipso
1954 2589 2312 2655 distinctius
2385 2593 2752 2673 exponatur

651 2715 915 2781 quorum
980 2699 1238 2763 deorum
1297 2696 1538 2778 templa
1601 2697 1729 2761 sint
1813 2695 2217 2772 restituenda,
2274 2693 2368 2757 nil
2425 2695 2745 2759 momenti

650 2803 878 2867 habeas
954 2821 1061 2865 cur
1139 2801 1352 2865 credas
1424 2800 1684 2883 Cybeles
1761 2800 2091 2881 praecipue
2152 2797 2409 2875 cultum,
2472 2798 2742 2863 minime

650 2908 856 2970 autem
933 2906 1206 2969 Mithrae
1294 2904 1785 2979 venerationem,
1879 2905 2014 2966 tum
2101 2903 2342 2967 Romae
2431 2901 2738 2968 floruisse.

652 3010 1081 3075 Commemoro
1126 3008 1492 3090 scriptorem
1541 3006 2032 3071 ecclesiasticum
2071 3025 2217 3088 prae
2266 3006 2485 3070 ceteris
2541 3004 2737 3068 sacris

649 3114 1121 3196 peregrinorum
1195 3113 1451 3177 deorum
1516 3109 1854 3175 Mithriaca
1929 3110 2192 3174 ridicula
2254 3110 2524 3185 duxisse,
2586 3126 2736 3170 cum

649 3217 1019 3300 imperatori
1067 3236 1277 3282 eorum
1326 3215 1921 3280 commemoratione
1969 3215 2046 3278 de
2091 3213 2370 3277 vanitate
2402 3210 2737 3294 gentilium

649 3321 976 3405 religionis
1025 3340 1088 3385 se
1134 3339 1575 3403 persuasurum
1623 3337 1755 3384 esse
1802 3318 2094 3399 speraret.

164 3520 297 3576 XXVI
336 3523 380 3574 1.
407 3521 577 3576 Hiero·
824 3514 969 3579 Jam
1016 3512 1094 3575 ad
1142 3513 1435 3595 quattuor
1477 3512 1592 3576 illa
1634 3511 2008 3593 Hieronymi
2055 3510 2129 3574 de
2171 3509 2293 3574 Dei
2341 3510 2508 3576 Solis
2552 3529 2738 3575 vene-

280 3608 478 3669 nymus4
650 3617 894 3683 ratione
958 3617 1327 3681 testimonia
1378 3618 1786 3682 transeamus,
1875 3616 2157 3679 Primum
2241 3617 2450 3679 autem
2520 3634 2735 3679 eorum

650 3723 888 3804 reperis
921 3723 985 3786 in
1033 3721 1513 3786 commentario:
1555 3721 1626 3784 In
1661 3721 1869 3784 Amos,
1916 3721 2256 3801 Postquam
2295 3719 2468 3783 enim
2511 3737 2739 3782 unum-

652 3845 953 3908 quemque
1047 3826 1310 3890 adorare
1389 3825 1756 3907 figmentum
1842 3842 2017 3887 suum
2092 3822 2335 3901 statuit,
2412 3823 2568 3887 dicit
2662 3823 2739 3886 Ut

650 3929 1007 4011 Basilides,
1089 3930 1204 4013 qui
1271 3929 1731 4013 omnipotentem
1817 3926 1996 3991 deum
2067 3940 2413 4012 portentoso
2499 3928 2738 3991 nomine

651 4034 928 4119 appellat
954 4037 1309 4122 ’Ἀβραξας,
1357 4046 1413 4096 et
1456 4030 1733 4096 eumdem
1781 4031 2114 4095 secundam
2163 4030 2444 4094 Graecas
2503 4032 2738 4112 literas,

829 4205 866 4275 ¹)
905 4207 984 4260 ed.
1021 4208 1081 4260 F.
1119 4206 1273 4260 Felix
1308 4204 1604 4261 Cardinalis
1632 4205 1698 4259 de
1724 4205 1909 4259 Monte
1937 4203 2063 4258 Alto
2100 4202 2147 4256 V
2183 4206 2286 4257 202
2323 4202 2381 4258 Ο.
2418 4204 2484 4257 D.
2520 4203 2742 4258 Parisiis

651 4294 803 4344 1603.
840 4293 937 4346 fol.
1851 4331 1854 4334 >
