2925 4802
1659 244 1741 310 58

668 454 837 518 certe
883 452 1230 520 habeamus
1276 473 1478 538 neque
1542 455 1762 537 negari
1818 455 2020 538 possit
2074 455 2416 522 Mithriaca
2454 459 2731 523 Romana

668 576 740 622 ex
807 558 1063 623 illorum
1122 559 1295 623 cultu
1354 558 1667 642 originem
1729 558 2011 640 duxisse,
2074 561 2331 626 omnino
2396 562 2541 644 quin
2602 563 2731 627 Au-

664 661 939 726 relianus
1025 660 1297 727 Mithrae
1380 662 1777 728 venerationi
1843 664 2026 729 valde
2106 664 2334 731 faverit
2406 686 2528 732 non
2592 684 2731 732 esse

666 765 1102 833 dubitandum.

192 964 357 1043 xilxv.
395 964 577 1035 Diony·
837 958 1056 1022 Liceat
1094 957 1478 1041 investigare
1527 978 1769 1044 quoque
1818 961 2006 1025 verba
2052 963 2358 1046 quaedam
2397 964 2473 1028 de
2504 963 2734 1028 Mithra

215 1036 569 1171 ⁸¹u³g²i³tffi⁰pffi
663 1061 1072 1145 epistolarum
1106 1081 1263 1145 quae
1294 1081 1539 1128 summa
1562 1082 1702 1128 cum
1727 1063 1959 1128 iniuria
1980 1065 2286 1150 Dionysio
2315 1066 2734 1149 Areopagitae

662 1165 1033 1232 tribuuntur.
1133 1168 1209 1230 In
1270 1167 1542 1248 epistula
1602 1167 1769 1231 enim
1827 1169 2101 1250 septima
2160 1169 2506 1251 reperimus
2558 1187 2734 1235 voces

662 1273 835 1356 Φησὶ
880 1272 953 1338 δὲ
996 1271 1260 1351 πάντως
1303 1268 1820 1359 Ἀπολλοφάνης,
1868 1275 1985 1338 οῦκ
2027 1266 2196 1340 εἶναι
2239 1283 2451 1342 ταῦτα
2494 1271 2733 1360 α’ληθῆ·

658 1376 943 1459 μάλιστα
985 1376 1101 1461 μὲν
1146 1375 1258 1443 οὖν
1288 1383 1491 1443 τοῦτο
1521 1383 1667 1455 ταῖς
1699 1383 1974 1465 Περσῶν
2005 1377 2358 1467 ἱερατικαῖς
2387 1377 2736 1468 ἐμφέρεται

662 1477 940 1568 φήμαις,
988 1480 1097 1547 καὶ
1139 1479 1338 1559 sigga
1384 1481 1589 1568 μάγοι
1630 1482 1711 1547 τοὶ
1759 1478 2137 1565 μνημόσυνα
2182 1491 2304 1547 τοῦ
2347 1482 2737 1570 τριπλασίου

659 1583 943 1673 Μίθρου
1007 1585 1323 1652 τελοῦσιν.
1412 1581 1823 1666 Ἀλλ’ἐξέστω
1891 1586 2071 1671 αὐτῷ
2130 1582 2391 1664 τούτοις
2458 1584 2568 1653 δια
2625 1587 2739 1670 τήν

554 1674 561 1689 '
661 1688 923 1774 ἄγνοιαν
967 1690 1008 1773 ἢ
1052 1689 1168 1775 τὴν
1210 1687 1523 1776 ἀπειρίαν
1553 1689 1854 1755 ἀπιστεῖν
1874 1689 1942 1768 ¹).
2018 1688 2303 1754 Primum
2337 1690 2737 1754 statuendum

664 1808 798 1856 esse
873 1809 1135 1869 censeo,
1213 1789 1498 1873 quamvis
1573 1789 1807 1855 fuerint
1881 1791 1985 1873 qui
2070 1791 2444 1874 scriptorem
2516 1791 2737 1856 harum

661 1896 1019 1961 litterarum
1085 1894 1464 1977 discipulum
1527 1896 1710 1961 illum
1772 1895 2199 1979 apostolorum
2261 1895 2738 1963 christianorum

665 2002 1041 2086 Dionysium
1065 2002 1114 2084 ²)
1162 2002 1351 2068 fuisse
1385 2004 1629 2084 putent,
1659 2004 1876 2066 tamen
1907 2004 2196 2068 constare
2229 2024 2261 2068 e
2294 2003 2514 2068 multis
2544 2003 2739 2086 ipsius

662 2108 996 2173 sententiis
1045 2108 1359 2191 consequi,
1408 2110 1479 2172 ut
1524 2107 1779 2172 ineunte
1826 2108 2074 2172 saeculo
2138 2109 2315 2172 sexto
2377 2127 2440 2188 p.
2490 2105 2634 2172 Chr.
2682 2127 2736 2171 n.

662 2210 964 2277 floruerit.
1038 2211 1220 2276 Falso
1267 2211 1460 2294 igitur
1493 2211 1792 2295 Dionysio
1815 2209 2246 2294 'Areopagitae
2278 2211 2532 2275 litterae
2564 2211 2741 2275 addi-

664 2316 901 2381 cuntur.
973 2313 1143 2394 Quae
1189 2334 1331 2381 cum
1364 2316 1456 2379 ita
1486 2315 1631 2394 sint,
1679 2313 1745 2377 id
1775 2333 1967 2379 unum
2000 2333 2340 2397 cognoscas
2387 2314 2500 2379 illo
2547 2314 2739 2379 etiam

658 2421 947 2501 tempore
979 2420 1144 2502 apud
1187 2420 1408 2485 Persas
1438 2419 1748 2484 Mithram
1794 2418 1982 2483 fuisse
2023 2420 2281 2486 cultum.
2360 2420 2455 2483 De
2501 2438 2572 2484 re
2605 2419 2742 2500 ipsa

663 2524 830 2588 enim
902 2525 1282 2603 accuratius,
1352 2543 1493 2588 cum
1563 2524 1768 2589 verbis
1843 2524 2111 2606 scriptor
2183 2524 2395 2588 utatur
2469 2523 2738 2587 minime

663 2628 960 2693 dilucidis
986 2631 1191 2693 facere
1222 2629 1413 2693 verba
1436 2647 1554 2693 nec
1584 2647 1718 2693 rem
1739 2627 1950 2692 iuvare
1982 2646 2096 2692 nec
2132 2646 2337 2692 meum
2368 2645 2501 2692 esse
2531 2628 2739 2694 credo.

177 2822 346 2901 xxxvl
385 2822 590 2903 Lactan-
837 2818 1131 2884 Veterum
1178 2821 1554 2903 scriptorum
1603 2819 1683 2883 ad
1725 2820 2098 2886 testimonia
2151 2819 2438 2884 addenda
2493 2836 2742 2904 quoque

180 2890 591 3017 ωῇἓῖἑξὲζὲως)
661 2923 806 2986 sunt
849 2924 1060 3002 verba,
1110 2942 1269 3006 quae
1314 2924 1678 2989 Lactantius
1702 2923 1992 2989 Placidus
2023 2924 2286 3006 ‘Papinii
2335 2923 2529 2988 Statii
2574 2924 2745 2989 The-

660 3025 912 3091 baidem
978 3028 1299 3109 explicans
1359 3029 1816 3093 commentatus
1889 3030 2004 3095 est.
2116 3028 2276 3092 Sunt
2345 3026 2514 3091 enim
2582 3026 2743 3093 haec

669 3128 791 3193 Seu
837 3145 889 3194 te
934 3154 1178 3195 roseum
1237 3131 1466 3194 Titana
1511 3133 1758 3196 vocari:

747 3233 898 3297 dicit
959 3234 1317 3320 Apollinem
1383 3257 1423 3296 a
1491 3234 1754 3299 diversis
1815 3236 2097 3323 yente'bus
2164 3234 2364 3316 υανίιζς
2425 3234 2749 3321 appellari

749 3339 1116 3405 nominibus.
1182 3338 1359 3424 apud
1414 3339 1817 3404 Achemem'os
1877 3341 2040 3404 enim
2114 3340 2321 3420 Titan,
2392 3338 2570 3425 apud
2626 3341 2745 3404 Ae-

742 3442 986 3528 qyptios
1018 3441 1262 3528 Osyris,
1311 3443 1488 3529 apud
1519 3444 1776 3523 Persae,
1825 3445 1937 3508 ubi
1961 3447 2029 3508 in
2059 3456 2240 3509 antro
2274 3444 2494 3507 colitur
2526 3444 2748 3529 Mytra

748 3558 1020 3609 vocatur.
1084 3603 1092 3614 .

669 3648 792 3712 Seu
822 3662 1118 3735 praestat
1163 3649 1431 3736 Osyrin:

754 3751 1106 3816 Secundum
1137 3753 1495 3841 Aeyyptz‘oS,
1542 3754 1660 3840 qui
1698 3754 1931 3841 Osyrz‘n
1978 3754 2179 3820 Solem
2223 3741 2739 3840 intevpretdntur‚

732 3878 859 3941 per
899 3879 1075 3940 quem
1115 3880 1233 3941 pro
1284 3870 1527 3920 ventam
1555 3856 1865 3945 frugibus
1895 3859 2256 3922 existimant
2292 3880 2475 3941 posse
2508 3860 2747 3921 contin-

802 4062 840 4129 l)
876 4063 956 4117 ed.
993 4062 1043 4116 J.
1080 4064 1139 4116 P.
1174 4063 1375 4131 Migne‚
1410 4064 1552 4118 Patr.
1606 4080 1741 4120 curs,
1793 4081 1891 4119 ser.
1930 4081 2105 4134 graec.
2141 4065 2228 4119 III
2272 4066 2317 4129 1,
2357 4065 2489 4117 1081
2529 4063 2593 4119 Α.
2623 4066 2747 4120 594.

657 4150 876 4204 Parisiis
914 4152 1065 4203 1857.
1136 4150 1207 4204 8⁰.

799 4235 841 4302 ²)
878 4234 1016 4289 Acta
1052 4236 1412 4303 apostolorum
1447 4235 1630 4290 XVIII
1667 4238 1751 4288 34.
