2925 4802
1215 265 1300 330 53

392 491 549 573 Quis
596 493 693 557 est
747 491 853 576 qui
914 493 1109 575 neget
1168 490 1291 558 hoc
1349 491 1724 574 scriptorum
1787 496 2090 556 consensu
2138 490 2304 557 dilu-

198 596 542 662 cidissime
602 596 896 679 cognosci
964 615 1147 679 posse
1219 596 1545 662 Socratem
1615 615 1689 659 ac
1748 595 2167 660 Sozomenum
2234 594 2303 659 in

198 699 530 766 seditione
596 699 713 764 illa
780 699 1127 764 enarranda
1195 718 1267 764 ex
1341 698 1572 764 iisdem
1648 698 1926 764 fontibus
2001 697 2300 763 hausisse.

197 807 386 871 Nam
434 805 852 870 Sozomenum
915 823 1040 868 non
1088 804 1413 869 Socratem
1479 804 1667 869 modo
1714 804 2110 881 retractasse,
2158 821 2299 867 cum
2359 788 2366 793 ’

202 929 286 974 ex
356 908 504 975 aliis
549 907 769 988 causis,
818 926 973 992 quas
1018 899 1492 973 Holzhausenus
1545 926 1600 974 v.
1651 909 1709 973 d.
1760 907 1972 985 affert,
2031 905 2300 986 elucere,

197 1015 355 1079 tum
411 1012 530 1078 hac
593 1029 836 1097 quoque
898 1011 1292 1095 expositione
1340 1011 1638 1095 cognosci
1702 1030 1904 1094 posse,
1953 1031 2068 1093 pro
2130 1013 2299 1077 certo

196 1118 469 1184 habeas,
563 1115 719 1182 Cum
784 1115 981 1198 igitur
1048 1114 1125 1179 de
1172 1115 1524 1180 simulacris
1591 1115 1655 1179 in
1723 1114 2000 1181 Mithreo
2059 1134 2301 1202 quoque

202 1221 490 1305 repertis
550 1220 722 1285 idem
779 1220 1128 1303 reperirent
1174 1219 1306 1284 fere
1368 1221 1706 1298 narratum,
1754 1222 1823 1284 at
1864 1221 2050 1285 valde
2097 1220 2302 1285 diver-

206 1325 438 1410 gentia
481 1326 547 1390 in
592 1344 660 1391 re
690 1324 1063 1409 gravissima
1092 1323 1965 1417 traderent-disquirendum
2000 1327 2115 1404 est,
2161 1328 2303 1391 uter

185 1427 307 1514 ‘ea,
361 1450 516 1516 quae
565 1452 638 1497 ex
673 1430 847 1497 fonte
880 1429 1182 1506 hauserit,
1214 1431 1385 1495 recte
1418 1428 1871 1497 retractaverit.
1953 1429 2117 1495 Mihi
2164 1430 2302 1515 qui-

206 1539 363 1604 dem
413 1536 562 1621 quin
608 1536 957 1601 Sozomeno
1007 1534 1082 1599 de
1145 1552 1220 1625 ea
1271 1554 1337 1599 re
1384 1536 1638 1598 narrata
1682 1533 1887 1599 maior
1934 1534 2020 1598 sit
2064 1534 2220 1599 fides
2266 1553 2303 1599 a

208 1641 403 1707 nobis
466 1639 804 1705 tribuenda
889 1637 1147 1704 dubium
1232 1655 1356 1702 non
1434 1638 1548 1702 est.
1642 1636 2056 1704 Consentiunt
2131 1638 2300 1704 enim

206 1746 561 1827 scriptores
609 1741 940 1807 christiani
972 1741 1038 1806 in
1070 1741 1256 1826 adyto
1303 1741 1626 1806 recondita
1655 1740 1923 1806 ridicula
1966 1741 2102 1806 visa
2147 1760 2298 1807 esse.

206 1848 305 1916 At
347 1847 679 1913 hominum
742 1845 1043 1911 calvarias
1103 1845 1423 1910 neminem
1485 1846 1635 1928 puto
1694 1844 1993 1910 ridiculas
2047 1844 2297 1911 habere.

210 1952 478 2018 Dicenti
524 1954 737 2017 autem
786 1951 850 2014 et
895 1948 1199 2013 calvarias
1246 1950 1310 2013 et
1349 1947 1685 2014 simulacra
1730 1948 1855 2014 alia
1885 1938 2301 2031 probabiliter

212 2056 552 2123 recondita
626 2055 836 2133 fuisse,
914 2052 1120 2119 obicio
1212 2054 1625 2119 Sozomenum
1709 2070 2024 2138 nunquam
2108 2056 2302 2138 verba

210 2164 464 2251 ὄργανα
509 2163 621 2228 καὶ
665 2156 868 2241 ξόανά
912 2182 1057 2225 τινα
1102 2157 1537 2223 adhibiturum
1583 2156 1799 2237 fuisse,
1848 2158 1902 2222 si
1950 2159 2008 2224 ci
2056 2160 2131 2224 de
2179 2159 2301 2224 cal-

211 2266 406 2350 variis
438 2264 706 2347 repertis
738 2262 965 2328 fuisset
989 2262 1316 2327 traditum.
1409 2261 1535 2326 Sed
1562 2261 1853 2327 Socrates
1888 2281 2027 2326 cum
2061 2265 2303 2354 ὄργανα

213 2372 331 2439 καὶ
389 2364 589 2452 ξόανά
644 2393 784 2435 τινα
832 2384 957 2431 non
1004 2366 1454 2433 commemoret
1513 2364 1651 2448 ipse
1709 2365 1925 2447 efficit,
1988 2370 2062 2432 ut
2108 2368 2301 2433 inter-

215 2473 460 2559 polasse
490 2473 792 2564 videatur.
870 2470 1022 2551 Quis
1068 2472 1276 2536 autem
1319 2472 1415 2535 est
1461 2470 1568 2554 qui
1614 2472 1833 2537 credat
1877 2491 2154 2556 paganos
2194 2477 2302 2539 aut

215 2573 474 2662 plebem
537 2576 830 2643 calvariis
895 2596 1009 2659 per
1064 2578 1284 2641 urbem
1344 2575 1656 2640 traductis
1702 2574 1954 2641 irrideri
2000 2578 2299 2660 potuisse,

218 2703 364 2750 cum
410 2701 533 2767 quo
581 2682 767 2747 modo
832 2682 912 2747 ad
962 2681 1267 2746 Mithram
1329 2679 1572 2744 cultum
1616 2679 2074 2761 pertinuissent
2117 2678 2302 2751 nemo

216 2789 350 2855 fere
393 2783 831 2852 intellexisset.
924 2784 1189 2850 Accedit
1244 2786 1315 2849 ut
1366 2784 1609 2849 ossibus
1658 2785 1993 2850 ostentatis
2037 2787 2302 2852 minime

217 2894 495 2979 gentiles
557 2892 632 2955 ob
692 2890 1035 2955 ludibrium
1101 2890 1209 2954 sed
1278 2887 1625 2955 Christiani
1684 2889 1763 2955 ob
1821 2888 2094 2956 nefanda
2151 2892 2302 2957 tunc

220 2997 478 3080 cognita
552 3011 942 3079 paganorum
1019 2994 1259 3059 scelera
1331 2993 1818 3060 commovissent
1898 2994 2298 3063 seditionem.

219 3100 633 3183 Quapropter,
712 3117 854 3163 cum
921 3098 1214 3164 Socrates
1289 3098 1427 3180 ipse
1494 3098 1702 3164 verbis
1774 3099 1987 3164 utatur
2051 3098 2301 3187 γέλωτα

221 3208 452 3288 δεῖξαι,
527 3222 593 3268 89
665 3201 802 3285 ipse
850 3201 1109 3282 ,iterum
1186 3201 1474 3296 coarguit
1547 3203 1960 3267 coniecturae.
2063 3200 2300 3282 Quibus

220 3307 428 3374 verbis
503 3309 678 3373 recte
760 3326 875 3373 nos
959 3305 1294 3384 iudicasse,
1379 3324 1452 3371 ex
1534 3325 1604 3371 eo
1683 3325 1928 3389 quoque
2005 3305 2301 3388 intellegi

220 3414 450 3497 potest,
498 3412 663 3496 quod
718 3412 972 3495 scripsit
1029 3412 1317 3476 Socrates
1383 3411 1611 3500 κρανία
1671 3421 1828 3477 νεῶν
1884 3437 1953 3477 τε
2009 3412 2122 3478 καὶ
2175 3435 2301 3478 πα·

222 3519 440 3584 λαιῶν.
528 3517 693 3581 Nam
739 3514 1198 3600 magnitudinis
1262 3514 1717 3592 differentiam,
1776 3533 1932 3596 quae
1990 3515 2089 3578 est
2134 3513 2303 3579 inter

223 3638 398 3685 crura
467 3621 785 3685 iuvenum-
836 3623 901 3686 et
966 3621 1273 3698 virorum,
1337 3638 1477 3684 cum
1539 3621 1702 3684 esset
1764 3618 2056 3696 minima,
2115 3637 2299 3682 nemo

224 3726 330 3808 qui
384 3724 608 3790 fuisset
661 3724 968 3790 tumultus
1036 3713 1211 3788 illius
1270 3723 1605 3807 particeps,
1661 3722 1816 3787 satis
1877 3722 2300 3803 cognovisset,

224 3828 483 3893 minime
531 3845 774 3911 quoque
820 3828 888 3892 in
934 3828 1262 3893 narrandis
1308 3829 1421 3892 aut
1467 3828 1535 3892 in
1578 3827 1925 3892 scribendis
1973 3825 2073 3891 his
2117 3827 2301 3893 rebus

223 3932 421 4018 gestis
479 3932 864 3999 tradidisset.
917 3932 1200 4014 Scriptor
1258 3931 1457 4015 igitur
1515 3932 1722 3996 verbis
1781 3932 2175 3996 demonstrat
2234 3950 2299 3997 89

223 4037 352 4103 sive
395 4033 475 4101 ab
505 4035 869 4101 hominibus
916 4037 1245 4116 audivisse,
1316 4036 1449 4101 sive
1497 4036 1801 4118 scriptum
1846 4035 2163 4100 invenisse
2222 4036 2298 4101 ad

223 4139 562 4207 Mithriaca
605 4140 989 4223 perficienda
1032 4140 1338 4219 homineS,
1397 4140 1468 4206 id
1513 4140 1610 4203 est
1673 4140 1928 4205 iuvenes
1989 4141 2053 4205 et
2110 4139 2298 4219 viros,

224 4262 359 4311 esse
404 4245 735 4310 mactatos
828 4243 998 4325 Quae
1045 4264 1184 4309 curn
1232 4246 1402 4309 recte
1464 4264 1530 4310 89
1579 4245 1956 4326 comperisse
2014 4244 2301 4328 putasset
