2925 4802
1179 255 1257 321 51

176 484 259 531 ne
324 458 612 550 martyrii
664 466 1002 530 honoribus
1057 464 1358 550 reliquiae
1399 465 1532 531 eius
1581 464 1812 546 dignae
1859 464 2264 531 haberentur.

180 569 324 650 Quo
376 572 716 652 comperte,
766 569 1052 643 Julianus
1115 570 1372 634 caedem
1422 568 1678 651 Georgii
1727 568 1996 632 moleste
2039 568 2266 647 ferens,

182 674 267 740 ad
297 674 742 739 vindicandum
775 676 1041 752 erectus,
1075 674 1459 755 expetiturus
1491 692 1724 756 poenas
1768 672 2049 750 ultimas,
2094 672 2271 737 miti-

179 785 371 862 gatus
441 778 540 842 est
613 777 1001 843 lenientibus
1067 777 1392 859 proximis,
1465 777 1785 862 missoque
1863 774 2068 841 edicto
2140 775 2270 840 acri

183 882 470 947 oratione
519 880 865 946 detestatus
912 880 1010 945 est
1053 880 1254 945 scelus
1310 879 1676 958 admissum,
1725 881 1791 944 at
1836 879 2009 963 plebi
2056 880 2266 962 potius

182 985 406 1050 favens
481 1003 669 1069 quam
751 984 1156 1063 ChristianiS,
1232 984 1468 1049 litteris
1527 983 1596 1048 id
1672 984 1999 1049 dumtaxat
2057 985 2271 1049 obiur-

181 1089 381 1172 gavit,
440 1107 710 1170 poenam
775 1090 987 1153 autem
1064 1087 1329 1153 remisit.
1420 1088 1581 1151 Rem
1639 1088 1732 1153 ita
1774 1088 1902 1153 fere
1947 1089 2268 1170 accidisse,

183 1194 446 1258 Socrate
506 1194 571 1258 et
623 1192 972 1258 Sozomeno
1019 1192 1418 1257 narrantibus
1465 1193 1734 1258 constat.

318 1315 503 1380 Nunc
527 1364 542 1394 ,
593 1334 752 1399 quae
799 1334 873 1378 ex
928 1313 1008 1379 iis
1062 1313 1137 1379 de
1190 1312 1549 1379 Mithriacis
1585 1333 1634 1378 a
1678 1314 1943 1395 paganis
1996 1315 2272 1397 peractis

172 1418 486 1502 cognosci
532 1418 795 1500 possint,
824 1417 1311 1499 intellegamus,
1356 1417 1453 1481 Ac
1499 1418 1772 1500 primum
1806 1419 2079 1501 quidem,
2127 1438 2270 1483 cum

184 1521 573 1587 seditionem
605 1521 781 1586 illam
808 1523 1011 1586 ortam
1040 1541 1172 1586 esse
1198 1540 1362 1587 anno
1393 1522 1843 1587 trecentesimo
1876 1522 2269 1604 sexagesimo

183 1626 462 1692 secundo
520 1645 582 1708 p.
643 1624 786 1691 Chr.
833 1645 893 1693 11.
968 1626 1345 1705 1101011111113,
1409 1645 1441 1690 0
1504 1626 1883 1708 scriptorum
1932 1626 2139 1691 verbis
2199 1626 2269 1692 ἐκ

181 1732 490 1798 παλαιῶν
531 1740 658 1796 τῶν
700 1729 946 1820 χρόνων
988 1726 1231 1820 ἔρημος
1293 1730 1401 1798 καὶ
1460 1723 1875 1818 ἦμελημένος,
1940 1741 2273 1822 συρφετοῦ

181 1861 255 1902 τε
286 1833 500 1921 γέμων
541 1835 816 1913 πολλοῦ,
861 1832 927 1900 ἐν
956 1830 1019 1921 ᾤ’
1046 1834 1110 1901 οἱ
1136 1834 1432 1921 Ἕλληνες
1474 1832 1549 1901 τὸ
1593 1835 1878 1901 παλαιὸν
1905 1842 1999 1922 τῷ
2020 1832 2272 1924 Μίθρᾳ

182 1939 452 2018 τελετάς
482 1944 823 2017 ποιοῦντες
853 1937 1131 2002 Socratis
1165 1938 1231 2001 et
1257 1945 1489 2003 τοῦτον
1516 1935 1639 2026 γὰρ
1669 1937 1779 2003 τὸν
1806 1934 2009 2006 τόπον
2037 1935 2274 2028 ἔρημον

183 2038 399 2107 πάλαι
447 2038 778 2129 γενόμενον
809 2040 1144 2106 Sozomeni
1192 2041 1436 2105 eluceat
1464 2040 1814 2106 verisimile
1852 2059 1984 2107 esse
2030 2044 2269 2107 cultum

184 2142 471 2210 Mithrae
499 2144 923 2210 Alexandriae
947 2145 1076 2210 iam
1109 2144 1369 2210 ineunte
1400 2145 1645 2210 saeculo
1680 2147 1902 2229 quarto
1936 2165 1994 2228 p.
2030 2145 2171 2211 Chr.
2208 2168 2268 2214 n.

188 2249 574 2314 exstinctum
637 2248 846 2317 fuisse.
936 2249 1030 2313 Ex
1093 2267 1214 2334 quo
1283 2268 1419 2314 rem
1489 2248 1621 2314 illis
1685 2248 1941 2331 imperii
1998 2250 2271 2316 Romani

184 2351 599 2419 orientalibus
644 2352 822 2432 locis,
870 2371 1012 2418 cum
1058 2352 1236 2417 illam
1268 2350 1489 2417 urbem
1537 2352 1713 2436 quasi
1758 2371 1970 2418 arcem
2013 2372 2273 2420 venera-

181 2456 382 2521 tionis
429 2457 745 2523 idolorum
808 2459 872 2522 et
919 2455 1210 2523 ethnicae
1267 2456 1706 2540 philosophiae
1763 2456 1955 2523 fuisse
2004 2460 2268 2537 constet,

182 2580 314 2627 11011
363 2560 554 2625 aliter
597 2580 663 2625 se
693 2560 991 2625 habuisse
1037 2562 1206 2625 recte
1237 2559 1497 2628 iudices,
1590 2560 1837 2625 Deinde
1881 2562 2074 2626 verba
2105 2562 2270 2630 κατὰ

182 2666 454 2750 βάθους
498 2666 753 2732 πολλοῦ
785 2665 1086 2743 Socratis,
1135 2664 1418 2750 quamvis
1451 2665 1712 2749 adytum
1755 2663 2018 2729 minime
2062 2664 2269 2747 ipsum

185 2768 537 2834 Mithreum
605 2771 672 2834 at
737 2772 984 2852 partem
1051 2768 1365 2853 quandam
1426 2768 1555 2833 eius
1622 2767 1820 2833 fuisse
1880 2769 1946 2832 et
2009 2768 2124 2833 illa
2175 2778 2275 2856 τῷ

185 2873 413 2961 ἀδύτῳ
457 2882 581 2941 τοῦ
632 2875 968 2963 Μιθρείου
1014 2872 1393 2954 significent,
1441 2891 1556 2936 1103
1613 2872 1859 2951 docent,
1909 2891 2052 2936 cum
2098 2873 2274 2955 rupi-

185 2978 302 3042 bus
349 2978 430 3042 ad
475 2978 920 3041 exstruendum
969 2976 1287 3059 spelaeum
1334 2975 1431 3041 uti
1493 2993 1621 3040 non
1666 2977 1946 3059 possent,
1992 2995 2272 3059 paganos

186 3082 272 3146 ad
325 3080 668 3147 Mithriaca
734 3079 1158 3164 perpetranda
1224 3098 1446 3162 specus
1518 3080 1696 3163 quasi
1762 3079 2070 3147 effodisse.
2161 3080 2274 3146 Nil

186 3188 403 3250 autem
449 3187 593 3252 novi
627 3187 892 3252 afferunt
936 3203 1120 3250 voces
1164 3186 1450 3274 μαγικάς
1495 3184 1753 3251 ἐτέλουν
1781 3184 2032 3266 θυσίας
2080 3211 2274 3253 κατα-

183 3287 697 3379 μαγγανεύοντες
740 3291 862 3369 τοὶς
897 3289 1143 3380 ψυχάς,
1193 3308 1334 3353 011111
1368 3288 1737 3371 opinionem
1780 3288 2030 3352 tantum
2077 3288 2274 3390 scrip-

186 3395 350 3460 toris
417 3412 552 3459 esse
620 3393 805 3458 facile
874 3412 1233 3477 cognoscas,
1327 3391 1496 3471 Quae
1564 3393 1764 3475 igitur
1829 3411 1930 3456 res
2005 3392 2273 3457 leviores

188 3517 414 3563 omnes
494 3517 567 3562 ac
640 3498 817 3583 parvi
892 3498 1086 3581 pretii
1163 3496 1324 3562 mihi
1397 3497 1691 3563 videntur
1763 3516 1915 3562 esse.
2006 3497 2275 3562 Restant

189 3591 476 3668 Socrafis
519 3604 711 3668 verba
768 3600 836 3669 ἐν
879 3598 936 3691 ᾦ
982 3602 1045 3669 οἱ
1080 3602 1374 3689 Ἓλληνες
1416 3605 1493 3667 τό
1540 3602 1828 3668 παλαιὸν
1881 3606 1974 3689 τῷ
2027 3602 2275 3691 Μίθρᾳ

179 3707 454 3785 τελετὰς
518 3714 864 3787 ποιοῦντες
928 3703 1332 3796 chananeus·
1397 3706 1717 3773 κατέθυον
1790 3705 1855 3768 et
1925 3710 2135 3771 ταῦτα
2204 3705 2277 3773 δὲ

184 3807 266 3898 ἦν
312 3810 543 3899 κρανία
589 3811 802 3877 πολλοὶ
849 3807 1226 3899 ἀνθρώπιον
1268 3810 1422 3876 νέων
1476 3835 1545 3875 τε
1607 3810 1714 3874 καὶ
1775 3807 2097 3889 παλαιῶν,
2160 3807 2277 3886 οὓς

185 3913 385 4001 λόγος
415 3921 668 3997 κατεῖχε
698 3910 905 3981 πάλαι
930 3910 1384 4002 ὀἷναιρεῒσθαι,
1424 3913 1537 3980 ὅτε
1565 3919 1712 3990 ταῖς
1756 3913 1868 3979 διὰ
1898 3910 2278 3997 σπλάγχνων

182 4017 528 4104 μαντείαις
556 4016 834 4106 ἐχρῶντο
866 4018 931 4085 οἱ
965 4018 1262 4105 Ἕλληνες
1292 4016 1514 4099 quibus
1546 4013 1877 4080 obicienda
1909 4015 2054 4078 sunt
2084 4014 2279 4079 Sozo-

185 4121 368 4186 meni
414 4120 572 4184 haec
601 4120 666 4187 ἐν
709 4118 769 4208 ᾦ
813 4117 1018 4202 ξόανα
1060 4120 1178 4206 μὲν
1208 4122 1369 4198 ἴσως
1412 4119 1526 4185 καὶ
1568 4115 1826 4208 ὄργανά
1858 4142 1997 4186 τινα
2034 4115 2274 4209 εὑρέθη

184 4233 318 4293 τῶν
360 4222 605 4293 ἐνθάδε
647 4223 796 4292 τότε
838 4224 1130 4310 μυόντων
1163 4221 1200 4310 ἢ
1232 4222 1642 4307 τελουμένων.
1734 4219 1970 4300 Quibus
2009 4221 2104 4286 ita
2148 4221 2279 4287 dis-

1896 4343 1961 4395 4*
