2925 4802
1193 282 1275 345 39
1344 374 1391 377 n

179 494 541 559 turnalium
612 490 1037 574 spectaculum
1099 507 1231 555 esse
1279 491 1599 557 celebrata
1659 492 1921 568 constat,
1983 488 2286 572 sequaris,

184 599 449 679 tempus
496 597 687 660 fixum
750 594 883 660 erui
931 615 1054 679 non
1112 614 1311 677 posse.
1403 595 1709 660 Attamen
1761 597 1933 659 recte
1998 596 2286 677 putemus

186 700 549 765 certamina
593 699 705 763 illa
733 697 1074 765 Mithriaca
1118 717 1334 762 mense
1383 698 1529 762 anni
1560 699 1789 763 ultimo
1826 700 2089 763 exeunte
2122 698 2287 763 cele-

184 805 407 870 brasse
452 806 803 873 Romanos.
883 804 979 868 De
1028 803 1250 885 quibus
1303 802 1483 884 ipsi8‚
1545 822 1699 886 quae
1747 804 1960 867 narrat
1989 802 2288 885 scriptor

182 913 430 988 noster,
500 909 764 973 minime
823 909 1156 991 perspicua
1211 926 1345 973 esse
1428 909 1567 991 quis
1637 913 1732 974 est
1799 909 1951 992 quin
2019 908 2284 972 noverit·

186 1013 399 1092 Quam
465 1014 544 1078 ob
606 1033 738 1078 rem
798 1012 866 1077 id
924 1031 1117 1078 unum
1203 1014 1414 1078 statuo
1488 1012 1739 1079 Juliano
1797 1015 1963 1078 teste
2022 1013 2098 1077 ab
2156 1011 2285 1075 illis

184 1116 650 1182 certaminibus
687 1116 901 1181 omnia
933 1116 1236 1199 >graviora
1265 1136 1380 1181 nec
1425 1136 1554 1182 non
1599 1117 1832 1182 misera
1870 1116 2127 1185 0111111110
2176 1117 2286 1180 ab·

183 1222 533 1288 horruisse.
614 1221 797 1286 Alios
846 1238 981 1286 esse
1026 1221 1152 1300 hic,
1204 1222 1363 1287 alios
1410 1222 1537 1287 alio
1584 1222 1726 1288 loco
1759 1224 2286 1288 commemoratos

186 1328 379 1392 ludos
427 1347 502 1392 ex
546 1326 753 1391 verbis
799 1326 956 1408 ipsis
1001 1327 1225 1393 elucet.
1314 1327 1560 1391 Afferre
1623 1327 1817 1392 liceat
1873 1327 2042 1391 diem
2106 1329 2286 1390 nata·
2361 1402 2365 1406 ᾗ

182 1432 354 1507 1111111
421 1430 662 1496 Christi
724 1449 970 1495 sacrum
1015 1431 1290 1495 Mithrae
1347 1450 1384 1494 a
1429 1430 1733 1496 Romanis
1795 1430 2081 1496 habitum
2130 1449 2282 1496 esse.

188 1534 336 1614 Qua
381 1535 457 1599 de
505 1553 573 1599 re
608 1534 930 1600 memoria
976 1533 1355 1617 dignissima
1399 1553 1477 1597 ne
1526 1533 1857 1598 coniiciam
1904 1532 2195 1597 caverim.

370 1728 639 1792 Restant
684 1725 925 1791 Juliani
971 1726 1039 1791 in
1071 1725 1366 1792 Convivio
1407 1726 1759 1809 (Caesares)
1807 1727 1998 1790 verba
2041 1725 2148 1792 σοὶ
2193 1724 2285 1804 δὲ,

188 1834 369 1922 πρὸς
395 1833 569 1918 ἡμᾶς
591 1831 784 1915 λέγων
814 1831 849 1898 ὁ
869 1832 1121 1919 Ἑρμῆς,
1145 1832 1397 1898 δέδωκα
1425 1832 1535 1897 τὸν
1556 1831 1807 1919 πατέρα
1836 1830 2119 1915 Μίθραν
2142 1828 2287 1897 ἐπι-

188 1943 473 2022 γνῶναι·
501 1936 582 2002 σύ
629 1931 899 2002 δἀὕτοῦ
940 1943 1068 2000 τῶν
1109 1933 1379 2001 ἐντολῶν
1414 1931 1587 2018 ἔχου,
1633 1940 1882 2017 πεῖσμα
1929 1933 2040 2000 καὶ
2084 1933 2288 2024 ὅρμον

189 2043 469 2128 ἀσφαλῆ
527 2040 718 2120 ζῶντί
766 2066 836 2106 τε
883 2049 1140 2125 σεαυτῷ
1204 2035 1736 2128 παρασκευάζων,
1784 2039 1895 2104 καὶ
1965 2039 2150 2127 ἡνίκα
2205 2041 2287 2106 ἂν

188 2145 458 2212 ενθένὸε
506 2144 766 2211 ἀπιέναι
816 2145 946 2232 δέῃ,
991 2142 1157 2228 μετὰ
1200 2153 1320 2229 τῆς
1364 2141 1635 2232 αγαθης
1677 2142 1944 2222 ἐλπίδος
2005 2143 2288 2230 ἡγεμόνα

191 2251 363 2318 θεὸν
406 2247 638 2334 ειῖμενῆ
682 2250 1014 2327 καθιστάς
1057 2247 1731 2334 σεαυτο11)ορ111116
1778 2247 1898 2312 hoc
1943 2247 2079 2311 loco
2124 2245 2286 2309 mihi

154 2351 340 2419 erui
400 2366 583 2435 posse
656 2351 908 2416 videtur
986 2350 1136 2433 quid
1208 2351 1559 2431 imperator
1618 2350 1729 2415 ille
1796 2350 1872 2415 de
1932 2348 2106 2414 cultu
2165 2348 2285 2414 Dei

195 2455 371 2524 Solis
416 2456 649 2521 Invicti
695 2456 1089 2538 cogitaverit,
1149 2456 1367 2538 quanti
1413 2455 1719 2519 Mithram
1782 2453 2090 2519 habuerit.
2183 2453 2287 2519 Ad

197 2537 559 2626 convivium
608 2560 775 2623 enim
822 2558 984 2623 illud
1049 2578 1084 2622 a
1142 2559 1409 2625 Romulo
1468 2558 1686 2623 datum
1740 2558 2041 2623 invitatos
2101 2557 2288 2646 fingit

197 2667 355 2731 deos
402 2683 621 2730 omnes
676 2683 792 2728 1100
851 2682 976 2728 11011
1028 2663 1445 2744 imperatores
1494 2663 1763 2743 scriptor
1825 2663 2038 2727 noster
2098 2663 2285 2743 atque

196 2771 419 2834 narrat
477 2769 820 2832 certamine
866 2768 1321 2849 imperatorum
1367 2767 1545 2831 finito
1591 2784 2093 2849 unumquemque
2144 2785 2286 2831 cum

196 2893 278 2939 eo
329 2874 465 2951 deo,
517 2890 705 2954 quem
750 2872 1026 2935 maxime
1073 2873 1239 2936 esset
1278 2873 1626 2948 veneratus,
1676 2888 1812 2934 esse
1860 2869 2282 2936 coniunctum.

196 2976 338 3056 Qua
382 2994 451 3041 re
499 2976 768 3053 narrata,
804 2976 993 3040 verba
1040 2994 1195 3058 quae
1243 2974 1683 3057 cognoscenda
1727 2974 2033 3039 habemus
2064 2974 2288 3057 legun-

193 3084 325 3146 tur.
404 3080 687 3161 Apparet
733 3080 930 3163 igitur
974 3079 1298 3143 Julianum
1344 3079 1795 3160 imperatorem
1846 3097 1996 3159 prae
2059 3078 2285 3143 ceteris

199 3184 340 3249 deis
387 3183 652 3248 coluisse
685 3181 1008 3246 Mithram.
1085 3182 1448 3247 Notandum
1496 3200 1737 3265 quoque
1787 3183 1905 3260 est,
1940 3200 2080 3246 cum
2129 3184 2284 3247 deus

195 3289 311 3353 ille
376 3286 751 3370 imperatori
812 3287 1066 3352 comitis
1133 3287 1361 3371 optimi
1421 3288 1557 3353 1000
1607 3287 1971 3370 tribuatur,
2020 3286 2283 3351 minime

194 3394 656 3474 imperatorem
701 3390 883 3454 illum
929 3393 1294 3456 veneratum
1340 3387 1477 3456 esse
1524 3391 1719 3455 talem
1765 3388 2084 3467 Mithram,
2134 3409 2286 3472 qua-

196 3497 332 3559 lem
398 3495 615 3559 fiotum
677 3514 713 3558 a
770 3494 1190 3576 scriptoribus
1251 3494 1693 3561 ecclesiasticis
1756 3495 1819 3558 et
1876 3494 2283 3575 cognovimus

201 3600 272 3663 et
318 3616 788 3682 cognoscemus.

381 3790 529 3854 Jam
599 3789 678 3852 ad
738 3790 866 3852 tria
945 3789 1059 3853 illa
1135 3810 1328 3874 eaque
1404 3791 1618 3875 gravia
1685 3791 1946 3855 Firmiei
2012 3791 2283 3856 Materni

197 3891 575 3959 testimonia
619 3893 1117 3975 progrediamur.
1207 3893 1490 3958 Primum
1539 3896 1815 3978 loquitur
1861 3896 2133 3976 scriptor
2176 3894 2285 3958 ille

202 3999 283 4063 de
314 3994 589 4074 Mithrae
620 3996 791 4060 cultu
822 3998 888 4060 in
922 3999 1126 4080 capite
1159 3999 1374 4082 quinto
1408 3998 1576 4077 libri,
1622 3999 1727 4081 qui
1773 3999 2115 4081 inscriptus
2160 3999 2283 4062 est:

200 4104 302 4168 De
336 4118 551 4164 errore
583 4099 984 4182 profanarum
1017 4102 1395 4185 religionum
1428 4139 1514 4149 —-
1545 4102 1642 4166 his
1677 4103 1881 4168 verbis
1911 4103 2114 4166 virum
2144 4125 2284 4166 vero

349 4279 386 4343 ι)
424 4278 462 4331 1,
505 4248 897 4338 0.*432,'1-6.
970 4277 1072 4328 336
1109 4274 1164 4331 O.

2356 1730 2473 1784 XXII
2502 1730 2551 1782 3.
2576 1729 2770 1784 Flavius

2361 1798 2591 1853 Claudius
2641 1799 2770 1853 Juli-

2360 1888 2482 1925 anus
2514 1871 2773 1938 Apostata.

2356 3814 2491 3868 XXIII
2531 3816 2575 3867 1.
2598 3813 2771 3868 Firmi-

2356 3900 2441 3938 cus
2502 3884 2770 3938 Maternus.
