2925 4802
362 1319 397 1372 b<

190 1319 240 1373 L.
279 1336 323 1388 p.
402 1318 516 1373 cvu

182 2293 231 2345 L.
270 2308 328 2413 p.l
352 2289 529 2413 x20vu1

212 3697 263 3750 L.
301 3713 346 3765 p.
385 3692 529 3750 XCIX.

1522 232 1836 332 ..202-

633 443 781 508 sunt
839 444 947 508 aut
1002 461 1067 506 re
1124 441 1264 524 ipsa
1331 442 1631 526 cognosci
1701 443 1994 524 possunt.
2103 444 2451 525 Inscriptio
2517 445 2772 510 autem

634 548 818 614 alteri
865 547 1134 629 imagini
1182 546 1402 611 addita
1462 545 1555 610 nil
1602 564 1716 611 nos
1766 547 1970 614 docet.
2021 545 2195 626 Quae
2244 567 2382 612 cum
2433 549 2532 613 ita
2592 549 2770 626 sint,

633 653 805 717 recte
852 650 1174 715 arbitreris
1234 651 1497 716 eundern
1571 651 1879 715 artificem
1925 652 2257 734 utrumque
2325 652 2772 718 simulacrum

636 755 994 834 confecisse,
1072 757 1182 820 aut
1256 754 1357 839 qui
1435 755 1750 836 posterius
1820 755 2046 820 fecerit
2131 756 2308 836 prius
2397 773 2769 840 cognosse.

637 861 939 944 Superest
1019 878 1514 935 commemorare
1609 857 1890 941 pluribus
1975 860 2179 925 verbis
2284 878 2484 943 neque
2585 880 2769 926 vero

638 964 880 1045 optimo
933 982 1163 1046 genere
1227 963 1325 1027 his
1387 964 1462 1029 de
1518 963 1903 1046 imaginibus
1949 963 2076 1028 iam
2139 983 2276 1031 esse
2324 964 2763 1045 disputatum

635 1068 702 1133 in
747 1069 912 1133 libro
958 1068 1051 1132 XI
1097 1067 1345 1133 indicis.

814 1308 1143 1373 Veniamus
1192 1308 1270 1371 ad
1316 1307 1654 1391 simulacra
1702 1328 1859 1391 quae
1919 1311 2278 1392 sequuntur.
2369 1311 2596 1375 Primo
2677 1314 2759 1376 in

637 1413 959 1495 superiore
1005 1414 1185 1495 parte
1232 1412 1587 1494 fragmenta
1633 1414 2035 1480 mactationis
2082 1416 2280 1492 vides,
2331 1416 2429 1506 cui
2490 1435 2762 1498 suppo-

638 1520 794 1584 sitae
825 1520 970 1583 sunt
999 1518 1311 1601 imagines
1343 1518 1717 1599 complures.
1796 1517 1960 1598 Quid
1992 1518 2114 1583 sibi
2160 1519 2360 1583 velint
2396 1520 2754 1602 cognitum

636 1623 959 1719 babemus,
1009 1623 1284 1705 exceptis
1331 1636 1539 1686 rursus
1584 1622 1716 1686 illis
1762 1620 2000 1687 duobus
2047 1622 2200 1686 viris
2247 1622 2474 1686 dubiae
2522 1622 2757 1704 expli-

638 1729 907 1794 cationis
955 1737 1016 1793 et
1047 1728 1301 1794 homine
1335 1727 1622 1810 serpente
1668 1724 1897 1803 cincto,
1945 1726 2068 1791 nisi
2116 1726 2348 1790 rectius
2389 1726 2576 1808 putes
2619 1746 2752 1807 pe-

640 1833 748 1896 des
795 1832 925 1897 eius
957 1830 1227 1896 formam
1261 1830 1599 1895 caudarum
1638 1828 1889 1897 habere.

813 1935 1235 2001 Simulacrum
1296 1935 1564 2000 alterum
1631 1954 1773 1998 cum
1819 1935 1911 1998 nil
1973 1932 2115 1998 novi
2175 1932 2414 2011 afferat,
2484 1932 2750 1997 nullius

643 2039 770 2104 fere
819 2042 914 2104 est
957 2040 1167 2122 pretii.

817 2283 1068 2349 Librum
1128 2285 1444 2351 volventes
1507 2284 1706 2350 denuo
1772 2281 1923 2346 duas
1984 2281 2341 2347 invenimus
2389 2283 2741 2367 imagines,

644 2389 864 2455 Altera
909 2388 1108 2453 malae
1156 2388 1328 2468 artis,
1375 2388 1686 2473 pessimae
1730 2386 2224 2452 conservationis
2271 2388 2388 2454 est.
2479 2386 2742 2452 Tamen

643 2514 782 2557 cum
817 2492 1017 2558 multa
1060 2495 1189 2558 iam
1223 2494 1482 2579 cognita
1512 2494 1872 2569 habeamu8‚
1921 2490 2365 2575 cognoscimus
2412 2491 2539 2556 fere
2587 2511 2744 2556 om-

643 2599 765 2662 nia.
859 2599 1070 2662 Dubia
1112 2598 1477 2680 reliquenda
1532 2598 1676 2661 sunt
1735 2596 2149 2678 complurium
2210 2594 2541 2660 hominum
2588 2613 2743 2660 cor-

645 2722 814 2784 pora.
906 2703 1065 2767 Prae
1134 2703 1356 2767 ceteris
1424 2703 1639 2766 autem
1706 2700 1964 2766 notandi
2029 2701 2175 2763 sunt
2217 2698 2509 2764 homines
2582 2699 2740 2780 duc,

646 2807 869 2889 quibus
928 2805 1141 2872 mensa
1201 2808 1309 2871 aut
1370 2825 1479 2870 ara
1534 2807 1629 2871 est
1683 2805 2057 2887 praeposita.
2149 2803 2292 2870 Alia
2337 2805 2548 2868 autem
2598 2822 2739 2868 non

645 2911 847 2975 adbuc
872 2911 1183 2992 explicata
1213 2909 1564 2975 accuratius
1586 2908 1987 2992 investigare,
2015 2928 2156 2972 cum
2182 2906 2457 2991 pessime
2490 2907 2735 2989 figurae

645 3017 776 3081 sint
821 3018 1239 3094 conservatae,
1287 3015 1533 3080 haesito
1577 3032 1775 3096 neque
1817 3014 1894 3077 de
1941 3010 2354 3094 inscriptione
2403 3009 2583 3093 plura
2629 3010 2734 3074 di-

646 3139 782 3185 cere
828 3122 1048 3186 audeo,

819 3223 1041 3290 Altera
1126 3224 1339 3308 imago
1420 3224 1686 3288 minime
1766 3226 1863 3289 est
1941 3222 2185 3307 effigies
2257 3225 2538 3290 eminens
2614 3225 2734 3289 sed

647 3330 888 3408 statua,
962 3328 1269 3393 Mithram
1351 3329 1596 3392 tantum
1689 3328 1912 3393 bovem
1993 3330 2322 3392 necantem
2403 3331 2468 3393 et
2553 3327 2736 3392 nulla

650 3433 1065 3517 explicatione
1114 3432 1306 3514 digna
1352 3432 1689 3496 simulacra
1735 3432 2087 3499 ostendens,

821 3692 1030 3757 Unum
1076 3692 1261 3757 modo
1309 3692 1604 3774 quattuor
1651 3690 2126 3756 simulacrorum
2173 3689 2584 3756 memorabile
2634 3694 2742 3756 est

648 3798 922 3881 paginae
956 3796 1398 3881 nonagesimae
1430 3815 1653 3864 nonae.
1746 3796 1903 3862 Cum
1951 3796 2121 3860 enim
2152 3793 2394 3858 iuvenis
2426 3812 2740 3858 coronam

650 3900 972 3966 frondibus
1014 3899 1247 3966 factam
1293 3899 1524 3982 capite,
1572 3899 1790 3965 dextra
1833 3900 2068 3964 fructus
2114 3899 2315 3964 ferens
2371 3897 2485 3962 sub
2543 3900 2739 3965 tauro

649 4005 980 4072 mactando
1025 4007 1371 4087 prostratus
1416 4005 1642 4084 iaceat,
1688 4003 2020 4087 intellegas
2090 4023 2163 4069 eo
2215 4001 2560 4086 significari
2622 4022 2743 4067 ne-

653 4106 900 4175 catione
945 4109 1112 4181 tauri
1177 4107 1573 4174 fertilitatem
1635 4108 1856 4173 mundi
1914 4107 2098 4173 effici.
2195 4107 2347 4170 Tres
2408 4124 2567 4187 quae
2636 4125 2747 4172 se-

655 4213 924 4294 quuntur
967 4212 1274 4294 imagines
1321 4215 1583 4297 ectypae
1627 4212 1717 4277 nil
1766 4212 1911 4278 novi
1953 4212 2279 4294 praebent.
