2925 4802
1176 244 1256 308 61

146 451 276 525 nsi
300 452 679 515 innotuerre.
731 451 992 515 Summo
1026 452 1156 515 iure
1187 450 1345 515 11366
1379 451 1551 516 dicta
1597 471 1750 530 esse,
1785 452 1922 535 quis
1972 454 2066 517 est
2112 453 2261 536 quin

150 555 360 619 sciat.
440 554 833 620 Conferenda
867 553 1039 618 enim
1073 556 1220 620 sunt
1251 573 1326 619 ea
1357 574 1493 619 cum
1530 555 1610 619 iis
1645 573 1889 639 quoque
1924 575 2081 638 quae
2112 558 2265 622 Plu-

149 657 433 722 tarchus
481 658 556 723 de
603 675 678 721 ea
727 677 794 722 re
841 658 1056 725 tradit.
1138 657 1385 723 Deinde
1431 660 1694 723 notatur
1737 660 1961 724 Persas
2007 660 2073 723 in
2121 679 2264 742 spe-

148 761 332 826 laeis
398 761 612 827 Solem
672 762 883 827 colere
947 761 1264 844 coepisse,
1335 780 1521 845 qnam
1580 763 1964 829 sententiam
2021 764 2260 828 rectam

154 884 310 931 esse
346 866 583 932 credas,
645 867 935 950 Denique
970 867 1347 931 describitur
1378 868 1549 931 Deus
1579 867 1832 933 Persico
1864 866 2086 932 habitu
2118 887 2259 932 cum

150 969 344 1034 tiara
397 971 662 1054 utraque
729 989 916 1034 manu
974 968 1148 1036 bovis
1217 990 1445 1036 cornua
1508 972 1928 1054 comprimens
1951 1021 1966 1049 ‚
2036 972 2260 1053 quibus

152 1073 594 1153 verbis‚,cum
642 1074 722 1139 iis
769 1093 918 1139 vera
959 1075 1307 1154 tradantur,
1357 1092 1512 1158 quae
1553 1094 1743 1158 snpra
1788 1077 1864 1140 de
1908 1075 2259 1141 testimonii

155 1178 422 1242 ratione
468 1178 737 1243 diximus
785 1178 998 1261 negari
1062 1179 1370 1244 videntur.
1462 1181 1640 1245 Idem
1697 1181 2102 1245 statuendum
2164 1180 2262 1244 est

160 1282 250 1346 de
300 1282 561 1348 vocibus
606 1282 969 1346 reluctantis
1026 1285 1203 1347 tauri
1247 1297 1548 1347 retentare
1596 1303 1711 1349 nec
1732 1330 1735 1334 ι
1759 1304 1883 1349 non
1930 1284 2024 1348 sol
2067 1284 2259 1347 leonis

157 1387 369 1450 vultu.
467 1385 556 1451 At
624 1387 989 1452 memineris
1057 1406 1156 1452 me
1222 1387 1299 1452 de
1361 1389 1728 1455 testimonio
1794 1378 1934 1471 ipso
1994 1408 2120 1454 non
2182 1389 2257 1453 de

159 1490 447 1573 singulis
492 1491 747 1556 traditis
795 1491 1050 1559 dixisse.
1127 1493 1223 1557 De
1271 1493 1600 1577 scriptoris
1646 1496 1858 1559 autem
1892 1491 2259 1557 simulacro-

160 1615 318 1658 rum
363 1593 913 1676 interpretatione,
960 1615 1101 1660 cum
1149 1597 1380 1661 nullius
1426 1597 1556 1663 fere
1601 1598 1789 1680 pretii
1832 1599 1934 1677 sit,
1985 1601 2081 1664 est
2128 1600 2258 1664 lon-

163 1717 332 1781 gum
412 1697 737 1764 disserere.
851 1700 1162 1782 Inquisite
1246 1702 1457 1766 autem
1535 1701 1935 1766 Lactantium
2017 1702 2255 1768 cultum

163 1801 594 1884 investigasse
640 1805 905 1886 apparet
950 1821 982 1868 e
1029 1804 1237 1869 verbis
1298 1805 1399 1868 hie
1456 1819 1546 1868 est
1571 1855 1757 1873 .....
1805 1808 2031 1892 quique
2077 1807 2258 1893 eclzp-

164 1907 276 1968 se’n
335 1907 600 1992 patitur,
668 1905 804 1970 ideo
869 1907 1040 1971 intra
1099 1919 1349 1971 antrum
1401 1909 1639 1973 colitur.
1731 1911 1966 1974 Tamen
2030 1909 2253 1974 horum

164 2010 556 2076 traditorum
619 2010 711 2075 nil
772 2010 891 2076 nisi
939 2029 1011 2075 ea
1070 2030 1182 2094 pro
1231 2011 1402 2077 certo
1465 2012 1690 2092 habe0‚
1740 2031 1896 2096 quae
1955 2014 2032 2078 de
2079 2015 2256 2079 Luna

164 2114 344 2178 tauri
390 2115 671 2199 imagine
717 2114 864 2180 ficta
908 2134 1025 2180 nec
1071 2134 1197 2180 non
1243 2116 1320 2180 de
1385 2115 1602 2199 figuris
1662 2117 1818 2199 ipsis
1876 2117 2253 2202 singillatim

164 2218 528 2286 traduntur.
622 2217 794 2299 Quae
842 2238 982 2286 cum
1036 2220 1126 2284 ita
1185 2220 1331 2298 sint,
1379 2220 1781 2286 Lactantium
1836 2222 1957 2287 etsi
2004 2223 2253 2287 uberius

159 2322 388 2389 tamen
455 2343 584 2389 non
650 2326 996 2390 accuratius
1064 2323 1298 2390 cultum
1370 2325 1731 2409 explicasse,
1780 2343 2117 2410 cognoscas
2190 2328 2254 2391 et

163 2430 415 2495 statuas
462 2448 564 2494 me
610 2432 852 2495 rectum
913 2430 1119 2515 egisse
1185 2448 1257 2495 60
1317 2431 1487 2495 1111110
1532 2429 1670 2496 1060
1736 2430 1815 2494 ad
1863 2430 2053 2496 Statii
2113 2431 2252 2514 ipsa

159 2534 359 2599 verba
404 2533 878 2617 interpretanda
920 2554 1118 2599 usum.

339 2724 640 2791 Photium
687 2744 930 2809 quoque
984 2725 1322 2791 Mithram.
1345 2724 1551 2792 verbis
1594 2726 1907 2819 Μίθρουε
1969 2729 2249 2816 Μίθραν
2337 2735 2545 2818 ΧΧΧῪῌ.
2579 2738 2701 2794 Pho-

160 2828 537 2915 νομίζουσιν
611 2824 772 2897 εἶναι
857 2830 920 2898 οἱ
992 2830 1249 2920 Πέρσαι
1328 2832 1442 2897 τόν
1517 2831 1730 2919 ἥλιον·
1829 2834 1937 2899 καὶ
2034 2829 2247 2918 τούτῳ
2475 2811 2593 2863 ‘³¹⁰⁵‘

162 2934 450 3002 θύουσιν
529 2935 787 3014 πολλὰς
858 2933 1109 3013 θυσίας
1135 2934 1182 3019 ¹)
1272 2952 1785 3001 commemorasse
1868 2938 1932 3001 et
2005 2936 2246 3001 cultum

162 3039 516 3103 Romanum
544 3087 548 3091 -
576 3038 696 3102 Dei
728 3036 1006 3103 Mithrae
1053 3039 1468 3120 probabiliter
1513 3040 1857 3124 ignorasse,
1906 3060 2044 3105 cum
2093 3041 2243 3121 dixi,

162 3141 545 3207 satisfecisse
589 3142 750 3207 mihi
794 3143 1032 3208 videor.

337 3331 744 3398 Testimoniis
788 3334 1068 3398 veterum
1129 3333 1510 3416 scriptorum
1575 3334 1983 3401 adnumerare
2049 3336 2244 3401 liceat
2314 3343 2727 3401 XXXV1111.N0n-

167 3455 431 3520 quoque,
460 3456 616 3520 qnae
640 3437 900 3503 Nonnus
930 3437 1430 3523 Mythographus
1455 3438 1668 3504 tradit.
1716 3441 1791 3503 In
1815 3441 2021 3523 capite
2044 3441 2242 3505 enim:
2315 3431 2406 3468 ”¹¹³³
2441 3415 2725 3553 ᾞζζξοὲω·

162 3542 259 3605 1)6
307 3539 548 3605 Mithra
593 3577 677 3588 —
730 3541 1032 3625 inscripto
1083 3543 1682 3610 commentariorum
1743 3543 1809 3607 in
1873 3543 2241 3628 Gregorium
2588 3528 2596 3537 ⁶

162 3646 627 3710 Nazianzenum
656 3644 956 3728 leguntur
984 3647 1174 3711 verba
1218 3645 1375 3711 11366
1423 3649 1458 3713 ὁ
1504 3649 1715 3715 τοίνυν
1743 3649 2027 3738 Μίθρας
2070 3649 2241 3734 νομί·

163 3750 336 3831 ζεται
368 3751 554 3839 παρὰ
583 3751 877 3841 Πέρσαις
922 3745 1083 3819 εἶναι
1121 3752 1156 3819 ὁ
1189 3751 1396 3838 ἥλιος,
1443 3753 1554 3819 καὶ
1590 3749 2021 3832 θυσιάζουσιν
2062 3749 2244 3839 αὕτῷ

161 3855 264 3923 καὶ
305 3853 574 3922 τελοῦσί
598 3880 781 3933 τινας
808 3853 1070 3934 τελετάς
1113 3853 1209 3933 εἷς
1239 3853 1475 3923 αὐτόν.
1503 3856 1579 3922 οὔ
1627 3852 1900 3922 δύναται
1964 3850 2073 3922 οὖν
2137 3882 2238 3935 τις

160 3956 252 4038 εἷς
294 3957 495 4025 αὐτᾶν
551 3959 940 4045 τελεσθῆναι
994 3956 1055 4024 εἰ
1110 3960 1200 4045 μῆ
1245 3958 1569 4047 πρότερον
1615 3959 1724 4025 δια
1785 3967 1913 4024 τῶν
1954 3964 2241 4043 βαθμῶν

156 4070 279 4129 τῶν
321 4060 650 4130 κολάσεων
693 4063 1052 4151 παρέλθοι.
1099 4063 1360 4146 βαθμοὶ
1416 4062 1487 4128 δέ
1549 4059 1678 4127 εἶσι
1722 4061 2071 4143 κολάσεων,
2130 4062 2242 4131 τὸν

328 4237 365 4303 ²)
403 4233 486 4288 ed.
521 4234 584 4287 R.
622 4234 900 4297 PersonuS,
940 4234 1171 4288 Lexicon
1208 4232 1234 4285 I
1273 4235 1390 4297 232,
1427 4235 1580 4287 6-7,
1618 4234 1834 4304 Lipsiae
1874 4237 2024 4290 1823.
2061 4238 2133 4291 8⁰.
