2925 4802
1071 287 1478 388 Δὶὴ.

163 498 525 582 imaginem
573 497 924 562 circumdat
972 498 1264 575 circulus,
1312 499 1376 560 in
1420 517 1541 579 quo
1591 497 1751 562 caeli
1797 497 1897 562 vel
1942 498 2264 562 stellarum
2308 491 2311 495 ’

163 602 366 685 signa
428 602 676 666 exstant
743 602 1014 685 depicta.
1116 604 1174 668 A
1253 601 1510 667 sinistra
1585 605 1763 683 paite
1832 602 1913 666 ad
1981 603 2265 668 dextram

164 706 464 787 partem:
718 774 723 778 ⁴
1361 725 1369 731 ·
1993 714 1996 717 '

361 809 522 874 Sunt
564 811 754 893 aries,
803 822 1045 893 taurus),
1087 811 1339 897 yemim‘,
1391 833 1637 892 cancer,
1687 809 1797 892 leo,
1844 811 2017 897 vz'ryo

355 913 698 1000 Libraque,
730 915 1037 1000 scorpiace,
1063 916 1428 1000 arcitencm,
1464 939 1672 1002 caper,
1699 916 2262 1001 amphora-,priscam

354 1031 520 1112 Quas
563 1035 875 1118 imagines
931 1036 1013 1100 ad
1069 1036 1305 1100 cultum
1352 1037 1521 1101 Solis
1577 1036 1909 1117 pertinere,
1973 1035 2111 1119 quis
2166 1038 2266 1100 est

166 1137 330 1219 quin
362 1138 541 1204 sciat.
593 1138 857 1204 Constat
889 1141 1099 1204 autem
1125 1140 1434 1205 artificem
1469 1141 1901 1205 demonstrare
1936 1128 2262 1213 circuitum

169 1240 348 1305 Solis
393 1242 683 1307 voluisse.
734 1241 930 1322 Quem
964 1238 1263 1308 circulum
1295 1245 1360 1307 in
1395 1244 1635 1309 duobus
1683 1244 1933 1328 angulis
1982 1245 2261 1326 superio-

164 1343 351 1410 ribus
427 1345 819 1413 circumdant
889 1348 1202 1430 imagines
1276 1349 1451 1427 duae,
1533 1368 1792 1431 quarum
1855 1348 1923 1411 in
1996 1350 2261 1432 utraque

163 1448 373 1513 habes
440 1450 595 1515 duos
644 1451 765 1516 Dei
831 1452 1095 1530 militeS‚
1163 1471 1424 1535 quorum
1487 1452 1759 1516 alterum
1821 1452 2068 1533 persico
2133 1453 2263 1516 ritu

164 1551 482 1616 vestitum
529 1554 695 1620 nullo
742 1555 1092 1640 tegimento
1139 1558 1384 1621 tectum
1436 1555 1613 1621 vides
1659 1575 1869 1622 arcum
1914 1557 2260 1636 tenentem,

165 1657 557 1738 praepositis
601 1659 766 1724 saxis
823 1661 996 1743 quasi
1039 1662 1304 1726 arcubus
1361 1680 1571 1728 usum.
1662 1660 1892 1726 Credas
1950 1660 2263 1725 militibus

167 1761 463 1843 saxisque
524 1762 870 1845 significari
927 1764 1192 1829 militias
1257 1765 1431 1848 quasi
1493 1765 1868 1830 Mithriacas
1938 1771 2003 1828 in
2059 1765 2260 1830 antris

166 1867 553 1947 perpetrari,
601 1852 861 1937 minime
894 1869 1104 1933 autem
1150 1868 1310 1933 hanc
1359 1869 1847 1950 explicationem
1894 1869 2025 1933 sine
2074 1868 2261 1934 dubio

167 1988 392 2034 veram
463 1988 600 2035 esse
669 1970 984 2036 affirmare
1049 1972 1262 2038 audeo.
1356 1973 1482 2037 Sed
1536 1974 1699 2039 addo
1758 1973 1957 2037 radiis
2018 1991 2261 2056 quoque

166 2073 346 2152 solis„
408 2075 513 2158 qui
570 2074 764 2157 ‘super
842 2077 1091 2142 montes
1160 2077 1665 2158 progrediuntur,
1724 2096 1907 2158 posse
1972 2076 2257 2160 cogitari.

164 2179 524 2245 Procedere
566 2182 755 2259 liceat
799 2182 878 2246 ad
922 2180 1291 2263 imaginem,
1340 2182 1441 2246 cui
1489 2181 1635 2246 illae
1684 2182 1829 2245 sunt
1873 2180 2257 2262 suppositae.

166 2284 358 2347 Intra
421 2285 554 2350 tres
618 2287 870 2350 arbores
940 2287 1059 2350 duo
1126 2286 1246 2349 Dei
1309 2285 1540 2349 Invicti
1609 2285 1951 2348 simulacra
2007 2284 2262 2366 depicta

164 2388 445 2456 exstant.
536 2389 821 2455 Primum
877 2391 1077 2455 Deum
1143 2390 1398 2468 bovem,
1478 2407 1660 2473 quem
1739 2406 1999 2469 serpens
2072 2387 2256 2471 petit,

161 2492 409 2557 umeris
475 2492 820 2573 ferentem,
908 2495 1044 2558 tum
1110 2494 1415 2557 Mithram
1504 2493 1774 2557 militem
1855 2494 2255 2558 coronantem

163 2595 368 2660 vides.
483 2597 542 2660 A
608 2597 870 2661 sinistra
957 2600 1138 2679 parte
1230 2597 1555 2680 cognoscis
1617 2598 1850 2661 'Deum
1941 2597 2256 2661 Invictum

165 2699 348 2782 quasi
410 2698 765 2766 fertilitatis
821 2719 1052 2765 numen
1120 2721 1195 2765 ex
1263 2702 1485 2765 arbore
1549 2700 1876 2778 orientem,
1936 2721 1973 2764 a
2041 2699 2259 2763 dextra

165 2803 379 2867 Deum
479 2803 614 2868 viro
711 2804 959 2869 cuidam
1061 2804 1246 2883 nude,
1337 2805 1604 2888 genibus
1702 2805 1846 2869 nixo
1924 2803 2255 2879 ‚sinistram

165 2906 449 2973 dantem.
559 2907 726 2988 Quas
772 2929 988 2974 omnes
1033 2907 1283 2974 tabulae
1351 2909 1667 2990 imagines
1715 2909 1919 2989 cingit
1965 2903 2273 2984 circulum

163 3012 267 3076 cui
314 3013 529 3077 insunt
573 3014 755 3095 signa
799 3015 986 3078 haec:
1031 3014 1106 3076 In
1136 3029 1513 3096 unoquoque
1559 3013 1784 3096 angulo
1820 3012 2008 3093 eaput
2052 3009 2259 3095 exstat

162 3115 289 3181 viri
337 3136 479 3181 cum
511 3117 650 3196 alis,
686 3118 852 3201 quod
881 3116 1283 3192 simulacrum
1328 3116 1503 3180 venti
1538 3115 1862 3179 cuiusdam
1910 3133 2064 3191 esse,
2111 3132 2252 3177 cum

164 3222 334 3286 alter
366 3222 431 3285 in
464 3223 781 3305 ore.quasi
812 3223 1069 3286 ventum
1102 3219 1464 3284 exhalatum
1497 3237 1647 3300 prae
1680 3239 1743 3283 se
1774 3218 1958 3295 ferat,
1991 3217 2255 3279 minime

164 3342 311 3389 esse
346 3324 760 3390 dubitandum
794 3327 965 3409 puto,
1032 3326 1245 3392 Simili
1269 3326 1518 3391 ratione
1550 3325 1697 3389 ficta
1728 3325 1928 3389 habes
1961 3325 2257 3407 quattuor

162 3428 349 3494 valde
395 3429 564 3495 inter
609 3450 674 3495 se
722 3449 951 3513 genere
997 3432 1262 3496 vestitus
1310 3449 1381 3493 ac
1412 3430 1595 3494 faciei
1643 3429 1999 3493 differentia
2030 3428 2252 3510 capita.

163 3532 264 3596 De
314 3533 538 3616 quibus
568 3533 658 3598 -id
699 3555 890 3599 unum
939 3535 1142 3599 dicam
1189 3533 1537 3598 verisimile
1584 3519 1914 3597 fictaesse
1962 3532 2255 3613 quattuor

162 3636 498 3701 nationum
527 3639 700 3721 quasi
723 3640 928 3722 typos,
962 3657 994 3702 e
1022 3638 1240 3721 quibus
1266 3656 1615 3729 permagna
1646 3637 1847 3701 cultus
1880 3637 2252 3718 propagatio

165 3743 600 3823 cognoscatur.
651 3743 977 3808 Abhorreo
1001 3742 1167 3806 enim
1202 3743 1279 3806 ab
1305 3740 1564 3805 aliorum
1591 3742 1909 3805 sententia
1940 3739 2253 3820 capitibus

163 3844 306 3908 illis
336 3839 483 3909 anni
516 3847 807 3926 tempora
838 3845 1278 3910 demonstrari.
1314 3844 1465 3908 Alia
1499 3844 1743 3926 effigies
1774 3845 2037 3927 praebet
2072 3844 2254 3907 nobis

164 3948 378 4012 Deum
404 3968 478 4013 ex
512 3950 690 4029 petra
713 3952 936 4014 ortum.
1001 3948 1296 4031 Sequitur
1334 3949 1431 4012 vir
1465 3968 1606 4012 cum
1638 3950 1804 4013 tiara
1832 3947 2250 4030 pugilationis

162 4052 387 4134 gestus
429 4052 686 4118 faciens,
775 4051 933 4118 Mihi
966 4052 1220 4135 quidem
1253 4070 1619 4133 persuasum
1669 4054 1766 4120 est
1810 4051 1971 4115 hanc
2024 4053 2253 4133 proba-

158 4155 412 4219 tionem
491 4157 666 4240 quasi
723 4158 1033 4241 quandam
1106 4155 1560 4221 initiandorum
1628 4175 1935 4223 exercere.
2029 4157 2251 4222 Altero

159 4260 315 4326 loco
379 4260 572 4326 habes
610 4260 837 4324 'virum
902 4279 1042 4325 cum
1104 4258 1348 4342 gladio,
1409 4261 1599 4342 caput
1664 4260 1872 4324 necati
1933 4261 2250 4338 cuiusdam

1905 4384 1935 4432 7
