2925 4802
1328 329 1412 395 6⁴9

227 559 498 625 maxime
546 559 738 623 dubia
764 559 922 625 duo.
1016 555 1257 635 Quibus
1302 557 1375 621 id
1418 574 1608 620 unum
1659 558 1937 636 constat,
1998 558 2217 639 quinto
2272 568 2515 640 quoque

222 677 391 727 anno
432 679 690 747 magnas
736 663 801 727 et
853 661 1122 744 singulis
1169 660 1348 743 annis
1401 661 1680 725 minores
1742 660 2018 725 Mithrae
2063 661 2518 726 sollemnitates

156 802 167 814 ·
226 785 361 832 esse
437 768 739 850 peractas,
876 763 1112 843 Quibus
1186 765 1393 832 verbis
1469 784 1547 830 ne
1635 760 1938 831 maiorem
2013 766 2201 830 fidem
2277 766 2515 832 tribuas

225 883 461 938 caveas.

398 976 817 1060 Hieronymus
854 994 1012 1040 unus
1043 974 1120 1040 de
1151 974 1447 1060 gradibus
1491 974 1888 1040 initiatorum
1933 975 2163 1042 narrat.
2211 973 2515 1057 Cognitos

225 1082 439 1145 autem
499 1079 715 1145 habet·
748 1098 963 1144 eorum
1034 1079 1210 1157 octo,
1270 1077 1337 1142 id
1400 1081 1525 1144 est:
1588 1078 1821 1158 Corax,
1889 1079 2240 1161 Nymphus‚
2305 1076 2511 1158 Miles,

222 1184 372 1262 Leo,
432 1185 678 1262 Pei-see,
739 1182 944 1260 Helio,
1008 1183 1261 1262 Dromo,
1320 1182 1530 1248 Pater.
1623 1181 2059 1248 Initiationem
2113 1183 2316 1265 ipsam
2372 1178 2514 1249 des-

178 1327 195 1331 «
222 1287 493 1370 criptam
538 1288 810 1370 legimus
869 1287 1035 1368 apud
1102 1285 1557 1350 Tertullianum
1606 1286 1710 1369 qui
1757 1286 1954 1351 etiam
2021 1286 2290 1350 affirmat
2333 1286 2510 1351 illam

224 1410 467 1475 quoque
540 1408 657 1474 per
730 1391 982 1455 lavacra
1048 1390 1352 1473 quaedam
1424 1390 1661 1455 factam
1737 1409 1870 1455 esse
1939 1400 2000 1460 et
2075 1410 2318 1456 summa
2368 1409 2507 1455 cum

220 1495 456 1561 iniuria
485 1496 668 1579 putat
698 1494 933 1560 milites
962 1495 1100 1559 'Dei
1130 1494 1199 1559 in
1231 1495 1545 1560 frontibus
1579 1514 1715 1560 esse
1740 1495 2149 1578 significatos,
2210 1493 2508 1574 Quamvis

220 1600 433 1665 autem
494 1599 856 1664 consentiat
911 1598 1184 1682 scriptor
1247 1619 1387 1663 cum
1448 1600 1704 1666 Justino
1764 1599 2039 1683 Martyre
2100 1599 2176 1663 de
2221 1599 2505 1666 irrisione

118 1755 122 1757 ,
220 1702 493 1768 Mithrae
540 1703 846 1787 cultorum
905 1703 1234 1786 religionis
1283 1702 1664 1768 christianae
1709 1704 1992 1781 locutus,
2041 1704 2256 1768 tamen
2304 1704 2506 1768 causis

222 1807 519 1890 expositis
550 1807 786 1872 alienus
831 1826 968 1872 sum
1013 1826 1049 1870 a
1094 1808 1217 1873 fide
1265 1808 1356 1873 eis
1413 1808 1667 1872 traditis
1725 1808 2035 1873 habenda.
2113 1809 2215 1874 De*
2262 1808 2506 1891 singula

221 1912 490 1992 quadam
549 1929 866 1976 sacrorum
927 1911 1174 1976 actione
1233 1911 1717 1976 Commodianus
1778 1912 1992 1976 narrat
2053 1910 2502 1976 mactationem

219 2014 445 2079 bovum
477 2015 814 2098 explicans,
857 2014 1076 2080 Aelius
1105 2014 1506 2097 Lampridius
1551 2015 1619 2078 in
1661 2012 1792 2079 illis
1827 2016 1905 2080 ad
1934 2014 2183 2080 timoris
2229 2015 2503 2098 speciem

221 2118 461 2201 aliquid
510 2119 637 2184 dici
690 2119 802 2184 vel
862 2119 1016 2202 fingi
1076 2120 1276 2185 solere
1332 2119 1609 2183 tradens.

390 2222 559 2303 Quae
619 2224 934 2290 senserint
991 2225 1201 2290 autem
1259 2223 1597 2305 scriptores
1652 2223 1728 2287 de
1785 2224 1983 2304 cultu,
2032 2224 2245 2308 colligi
2292 2226 2504 2307 potest

218 2345 249 2389 e
306 2328 517 2393 verbis
591 2327 882 2414 Gregorii
962 2327 1037 2392 de
1098 2327 1577 2412 probationibus
1647 2327 2018 2393 disserentis
2076 2329 2326 2394 uberius
2385 2349 2501 2394 nec
2590 2325 2594 2329 ’

219 2450 339 2497 non
387 2432 656 2512 Juliani,
718 2433 839 2499 sibi
908 2433 1210 2499 Mithram
1269 2433 1491 2497 ducem
1539 2432 1849 2515 optimum
1911 2433 2285 2498 attributum
2349 2453 2501 2515 esse,

218 2534 486 2602 dicentis
545 2538 610 2602 et
676 2534 947 2601 Himerii
1010 2538 1285 2602 animam
1355 2555 1530 2603 suam
1599 2538 1737 2602 Deo
1797 2537 2170 2606 dedicantis.
2271 2537 2501 2617 Quanti

217 2643 426 2707 autem
471 2662 509 2707 a
540 2640 828 2723 plurimis
863 2641 1081 2707 ductus
1112 2641 1197 2707 sit
1226 2641 1426 2707 cultus
1457 2640 1561 2707 ille
1593 2642 1703 2706 illo
1750 2644 2054 2725 tempore,
2103 2662 2176 2707 ex
2209 2643 2501 2726 Origenis

216 2745 424 2811 verbis
449 2739 676 2823 elucet,
722 2745 828 2827 qui
852 2745 1323 2812 venerationem
1354 2744 1624 2810 Mithrae
1656 2746 1939 2811 floruisse
1971 2747 2245 2813 affirmat
2278 2748 2499 2813 eadem

217 2851 478 2930 ratione,
514 2868 635 2931 qua
662 2845 988 2915 Eleusinia
1031 2849 1370 2916 floruerint.
1401 2914 1405 2918 .

390 2954 484 3019 De
529 2953 983 3036 imperatorum
1044 2954 1313 3037 denique
1374 2955 1547 3019 cultu
1615 2955 1734 3018 Dei
1801 2953 2070 3020 Mithrae
2139 2974 2497 3040 cognoscas,

218 3058 418 3125 Flavii
444 3058 693 3141 Vopisci
717 3057 1080 3124 testimonio
1108 3061 1417 3140 constare,
1445 3061 1715 3124 matrem
1743 3059 2068 3123 Aureliani
2103 3063 2498 3126 sacerdotem

219 3162 490 3229 Mithrae
554 3163 739 3228 fuisse
790 3164 978 3246 atque
1037 3162 1220 3227 illum
1281 3163 1653 3246 scriptorem
1699 3165 1779 3231 et
1825 3161 2144 3228 Zosimum
2210 3184 2497 3233 narrasse

215 3266 621 3333 Aurelianum
646 3267 769 3330 Dei
802 3266 1076 3331 Mithrae
1109 3267 1439 3351 Palmyrae
1472 3267 1780 3349 templum
1815 3268 2211 3334 devastatum
2250 3289 2495 3335 curasse

218 3372 688 3440 restituendum.
779 3372 1107 3437 Julianum
1154 3373 1361 3437 autem
1408 3371 1767 3437 Mithriacis¹
1816 3371 2043 3437 favisse
2092 3373 2157 3437 et
2202 3373 2293 3438 eis
2339 3393 2495 3456 quae

216 3475 343 3558 ipse
389 3477 587 3542 tradit
646 3479 712 3541 et
755 3476 961 3541 verbis
1005 3475 1278 3540 Himerii
1326 3477 1620 3560 cognosci
1678 3479 1907 3559 potest.
1998 3477 2265 3542 Restant
2307 3479 2495 3543 verba

218 3578 353 3644 Aeli
434 3579 753 3663 Lampridi
824 3580 1238 3646 Commodum
1322 3580 1648 3647 initiatum
1732 3581 1938 3647 sacris
1992 3581 2058 3645 in
2119 3583 2495 3666 peragendis

215 3684 531 3768 mysteriis
574 3683 899 3749 hominem
946 3703 1218 3752 necasse.
1423 3769 1426 3773 .

378 3788 514 3853 Ista
545 3860 551 3867 ,
578 3788 709 3853 fere
778 3788 855 3852 de
919 3788 1191 3853 Mithrae
1260 3788 1429 3871 apud
1494 3790 1811 3856 Romanos
1878 3791 2049 3855 cultu
2117 3789 2493 3873 scriptorum

215 3891 587 3962 testimoniis
641 3912 783 3958 usus
829 3913 942 3976 pro
991 3885 1163 3958 certo
1208 3891 1461 3957 habeas.
1551 3894 1720 3975 Quae
1766 3914 1893 3960 non
1937 3896 2111 3975 parvi
2158 3913 2293 3959 esse
2355 3915 2495 3961 rno-

218 3998 404 4062 menti
463 3998 736 4077 iudices,
802 3987 944 4063 cum
1009 3996 1378 4079 cognoveris
1445 4015 1545 4064 me
1620 3997 1892 4080 primum
1949 4018 2081 4063 rem
2150 4000 2492 4065 ordinatim

219 4101 275 4165 et
318 4102 594 4168 dilucide
626 4102 1033 4187 investigasse
1074 4120 1278 4183 neque
1324 4120 1515 4185 vagas
1560 4102 1945 4178 coniecturas
1983 4105 2296 4169 sectatum
2337 4124 2489 4171 csse.

216 4203 503 4272 Plurimis
549 4207 760 4271 autem
807 4207 963 4271 duco
1010 4206 1270 4270 incertis
1316 4206 1612 4288 plurimis
1657 4226 1859 4291 pauca
1904 4210 2093 4275 certa.

378 4329 622 4393 Tamen
669 4348 824 4410 quae
853 4328 1113 4412 exposui
1142 4329 1390 4410 idonea,
1439 4350 1594 4413 quae
1640 4349 1853 4396 veram
1882 4331 2137 4397 illorum
2170 4349 2489 4396 sacrorum

2577 4511 2742 4594 *f
