2925 4802
1541 283 1665 345 114

466 492 821 573 sculpturac
854 489 1230 554 Mithriacae
1274 488 1479 553 Deum
1528 488 1799 572 phrygio
1846 488 2068 553 habitu
2115 490 2180 552 et
2225 490 2492 555 humano
2534 489 2763 572 capite

465 595 767 676 praebent
825 593 1203 676 praeditum.
1329 592 1466 671 Qua
1525 595 1734 657 autem
1793 593 2039 657 ratione
2109 595 2173 657 et
2236 613 2357 674 qua
2425 593 2500 658 de
2559 610 2764 656 causa

471 699 718 781 saepius
763 698 942 762 illum
994 699 1200 763 Deum
1247 697 1643 762 inveniamus
1699 697 1874 779 quasi
1921 698 2522 780 peregrinissimum,
2565 717 2766 780 prae-

464 803 685 867 sertim
734 822 876 866 cum
908 801 1178 866 artificia
1208 802 1539 884 designata
1569 803 1810 865 Romae
1860 800 1986 864 sint
2024 803 2296 881 reperta,
2345 822 2446 865 me
2494 802 2760 884 quidem

473 908 697 972 latete
754 906 924 985 Quae
986 925 1127 970 cum
1190 906 1284 969 ita
1339 907 1486 984 sint,
1544 922 1806 988 cumque
1861 905 2195 986 inscriptio
2253 926 2377 971 non
2433 908 2607 971 vacet
2674 906 2761 968 ab

467 1009 639 1072 omni
714 1009 1105 1074 dubitatione
1186 1008 1577 1092 integritatis
1653 1028 1857 1090 neque
1932 1009 2371 1089 instrumenta,
2457 1029 2606 1092 quae
2690 1009 2760 1072 in

465 1113 680 1195 lapide
740 1114 889 1177 ficta
947 1114 1216 1191 exstant,
1266 1114 1345 1178 ad
1391 1113 1735 1178 Mithriaca
1781 1115 1930 1194 apta
1974 1114 2325 1193 videantur,
2373 1115 2504 1178 illis
2547 1115 2760 1177 3111111-

463 1217 650 1280 130113
709 1217 908 1295 1113113,
973 1215 1182 1282 nescio
1239 1236 1315 1280 an
1360 1218 1547 1298 apud
1607 1218 1927 1282 Romanos
1983 1216 2261 1282 Mithrae
2318 1219 2475 1283 11300
2532 1218 2756 1302 imago

460 1322 692 1385 usitata
748 1339 873 1385 non
934 1320 1346 1388 11101113.Βο
1409 1322 1537 1385 alio
1590 1322 1798 1385 autem
1847 1323 1963 1385 deo
2021 1341 2086 1386 re
2143 1341 2295 1386 vera
2342 1322 2756 1425 cogitandum

467 1443 779 1504 0330,11011
814 1425 1015 1488 habeo
1051 1442 1435 1505 persuasum.
1516 1426 1661 1489 dam
1703 1424 2036 1490 Mithriaca
2077 1426 2211 1490 sine
2243 1427 2432 1492 dubio
2464 1429 2758 1492 Romana

463 1529 921 1611 perscrutabor.
1014 1527 1166 1592 Cum
1239 1548 1384 1594 vero
1456 1548 1613 1611 quae
1675 1530 1924 1613 singula
1990 1531 2334 1612 praebeant
2404 1532 2752 1596 ordinatim

462 1632 1067 1715 pervestigaverim,
1145 1633 1210 1696 id
1284 1652 1477 1696 unum
1553 1634 1673 1697 hoc
1741 1635 1878 1698 loco
1948 1653 2161 1699 meum
2227 1626 2377 1700 ’0330
2451 1638 2604 1718 puto
2681 1654 2756 1699 03

460 1737 779 1817 repetere,
852 1754 1008 1817 quae
1076 1737 1361 1801 omnibus
1432 1737 1733 1819 expositis
1801 1737 2151 1803 simulacris
2220 1740 2391 1804 inter
2450 1759 2513 1804 30
2574 1759 2757 1804 com-

459 1839 686 1921 positis
732 1840 810 1903 de
859 1841 1026 1904 cultu
1073 1840 1208 1920 ipso
1243 1841 1675 1923 intellegenda
1723 1860 1852 1906 esse
1898 1843 2247 1907 videantur.
2327 1844 2422 1907 Ac
2465 1843 2749 1923 primum

463 1943 717 2024 quidem
775 1962 973 2024 pauca
1035 1945 1110 2008 de
1169 1945 1610 2009 immolatione
1674 1946 1885 2011 dicere
1931 1946 2143 2014 liceat.
2237 1947 2389 2012 Cum
2440 1947 2608 2011 enim
2659 1947 2754 2011 rei

460 2046 656 2128 ipsius
691 2048 1025 2113 ordinatim
1056 2050 1389 2129 peractaeo
1425 2049 1598 2113 mnia
1630 2048 2291 2131 comprehenderimus
2318 2051 2751 2127 monumenta,

460 2154 641 2234 plura
686 2154 930 2218 restant
991 2154 1065 2216 de
1121 2153 1498 2218 auctoritate
1546 2154 1840 2218 sacrificii
1888 2154 2089 2219 cultus
2135 2154 2327 2219 1111113.
2419 2155 2753 2219 Dissentio

462 2256 630 2319 enim
678 2258 755 2321 ab
802 2258 882 2320 iis
927 2258 1033 2338 qui
1080 2258 1359 2335 credant,
1424 2276 1569 2320 cum
1616 2258 1856 2321 nullum
1917 2259 2070 2340 fere¹
2110 2258 2518 2322 Mithriacum
2564 2260 2757 2324 vacet

458 2358 895 2425 immolatione
958 2361 1069 2424 illa
1122 2360 1318 2440 facta,
1380 2379 1629 2446 semper
1697 2362 1805 2426 aut
1864 2361 2110 2443 saepius
2179 2380 2246 2426 re
2314 2379 2464 2426 vera
2528 2363 2752 2426 tauros

461 2482 592 2527 esse
638 2465 949 2528 mactatos
1006 2465 1074 2528 in
1117 2463 1469 2529 Mithriacis
1526 2467 1831 2530 Romanis
1893 2466 2291 2548 peragendis,
2389 2466 2517 2529 Sed
2580 2464 2752 2529 hanc

459 2568 552 2631 rei
635 2569 946 2632 rationem
1036 2569 1324 2632 decerno.
1445 2571 1609 2632 Sane
1695 2570 1923 2632 Persae
2016 2569 2121 2652 qui
2209 2570 2445 2632 cultum
2530 2570 2751 2650 palam

458 2673 897 2751 perpetravere
943 2672 1311 2737 animalium
1376 2670 1618 2754 quoque
1665 2673 2062 2737 necationem
2126 2673 2237 2737 sub
2296 2673 2471 2737 caelo
2517 2672 2751 2737 fecere.

458 2775 546 2839 At
590 2777 859 2840 Romani
885 2777 1088 2840 Deum
1123 2775 1427 2840 Mithram
1461 2777 1870 2841 arcanissime
1918 2778 1982 2840 in
2018 2777 2218 2841 antris
2264 2776 2416 2842 atris
2464 2763 2778 2844 colentes=

458 2880 721 2944 minime
757 2899 1005 2963 semper
1044 2880 1483 2945 immolatione
1525 2882 1638 2944 illa
1682 2881 1778 2945 usi
1818 2882 1983 2946 sunt.
2047 2880 2316 2945 Accedit
2359 2881 2527 2944 enim
2557 2881 2752 2962 illud,

457 2985 622 3066 quod
667 2985 836 3049 nullo
868 2984 999 3049 fere
1046 2983 1114 3047 in
1160 2985 1332 3049 cultu
1377 2985 1513 3048 fieri
1548 2986 1777 3066 potest,
1825 2986 1895 3048 ut
1936 2985 2054 3049 Dei
2106 2985 2282 3066 quasi
2329 2985 2752 3068 symbolicam

459 3088 778 3153 actionem
834 3090 1103 3153 cultores
1167 3089 1287 3172 ipsi
1336 3088 1685 3156 imitentur.
1772 3087 1908 3166 Qua
1954 3090 2031 3153 de
2079 3107 2261 3152 031133
2310 3108 2553 3152 3111111113
2600 3107 2751 3152 011111

454 3194 684 3258 iniuria
714 3192 972 3273 iudices,
1020 3213 1090 3257 ex
1138 3192 1248 3256 illa
1279 3193 1610 3257 necatioue
1645 3193 1795 3257 satis
1836 3211 2143 3274 superque
2176 3192 2446 3274 figurata
2475 3190 2750 3272 elucere,

454 3300 666 3362 tauros
726 3298 806 3360 ad
851 3298 1137 3363 Romana
1180 3297 1519 3361 Mithriaca
1566 3297 1942 3361 celebranda
1990 3314 2125 3360 esse
2173 3298 2447 3361 necatos,
2554 3296 2755 3363 Plura

458 3403 668 3466 autem
725 3416 838 3466 nos
899 3402 1127 3466 docent
1197 3419 1296 3463 res
1373 3402 1535 3465 aliae
1595 3401 1948 3466 simulacris
1994 3401 2114 3464 Dei
2177 3400 2403 3464 Invicti
2451 3401 2748 3466 insertae.

457 3506 616 3570 Cum
665 3505 832 3570 enim
871 3504 1160 3568 homines
1200 3505 1452 3586 saepius
1498 3505 1629 3568 ficti
1667 3506 1932 3582 exstent,
1967 3503 2225 3567 dubium
2273 3523 2399 3567 non
2431 3506 2562 3592 est,
2597 3506 2752 3584 quin

454 3611 782 3676 initiandis
843 3611 950 3673 aut
1008 3610 1250 3673 initiati
1327 3610 1455 3674 sint
1517 3608 1956 3691 intellegendi.
2061 3608 2157 3670 De
2221 3625 2485 3689 quorum
2548 3606 2752 3688 igitur

462 3713 681 3777 habitu
729 3715 793 3777 et
823 3712 1178 3777 actionibus
1210 3714 1389 3777 nobis
1424 3730 1556 3777 esse
1592 3714 2035 3794 quaerendum,
2085 3712 2219 3794 quis
2266 3713 2364 3775 est
2396 3711 2500 3794 qui
2533 3713 2749 3827 neget]

457 3816 619 3896 Quia
653 3820 863 3881 autem
898 3817 1144 3898 singula
1175 3817 1435 3899 singulis
1460 3817 1615 3882 locis
1650 3816 2061 3899 exposuimus,
2111 3816 2215 3880 hic
2249 3818 2491 3879 tantum
2522 3815 2750 3894 restat,

457 3924 526 3985 ut
582 3922 660 3985 de
723 3921 1039 3985 communi
1102 3920 1320 3985 harum
1384 3922 1735 4004 imaginum
1797 3922 2017 3985 natura
2076 3938 2274 4001 pauca
2320 3919 2545 3985 dicam.
2649 3919 2751 3982 Ac

454 4024 757 4106 primum,
808 4026 926 4089 etsi
972 4025 1215 4107 saepius
1260 4026 1665 4108 probationes
1727 4025 1865 4089 sine
1924 4025 2113 4089 dubio
2160 4024 2303 4086 sunt
2348 4023 2751 4088 animadver-

452 4127 700 4207 tendae,
745 4131 963 4193 tamen
1009 4130 1350 4195 abhorreas
1395 4149 1434 4194 a
1480 4130 1797 4195 sententia
1844 4130 2125 4195 omnium
2169 4129 2475 4212 graduum
2522 4146 2750 4194 arcana

452 4231 570 4296 hoc
617 4231 804 4297 modo
854 4234 1134 4297 omnium
1188 4236 1384 4300 oculis
1449 4235 1641 4301 fuisse
1687 4236 2023 4318 patefacta.
2129 4232 2298 4315 Quae
2358 4253 2502 4299 cum
2561 4233 2754 4301 intel-
