2925 4802
1114 296 1195 359 37

289 503 806 586 Investigandum
832 503 932 568 est
962 502 1133 567 aliud
1157 522 1399 586 quoque
1428 503 1720 591 Gregorii
1743 504 2198 573 testimonium.
2272 514 2684 595 xx135Greg01-ius

97 609 187 673 In
236 609 430 673 citata
477 608 643 672 enim
691 610 908 673 contra
954 606 1277 672 ‚Iulianum
1323 607 1606 672 oratione
1660 607 1867 689 prima
1923 607 2201 691 loquitur
2301 584 2650 641 Nazianzenus.

97 714 224 779 καὶ
265 713 392 792 τάς
431 711 496 779 ἐν
539 713 823 802 Μίθρου
866 710 1196 797 βασάνους
1252 714 1363 778 καὶ
1416 707 1679 791 καύσεις
1736 711 2038 792 ἐνδίκους
2079 711 2200 792 τοὶς

99 816 442 900 μυστικάς
491 815 561 898 1).
652 815 934 880 Primum
980 817 1188 881 statuo
1237 817 1314 881 de
1361 815 1767 881 veneratione
1796 815 1919 879 Dei
1965 815 2196 906 Invicti

99 918 280 1000 apud
307 921 624 984 Romanos
654 919 842 1004 'loqui
873 918 1265 1003 scriptorem,
1315 940 1455 984 cum
1503 920 1698 985 alium
1743 939 1865 984 non
1911 919 2199 985 nominet

96 1024 434 1106 populum.
522 1025 620 1088 De
665 1025 986 1108 mysteriis
1044 1024 1203 1106 ipsis
1247 1027 1366 1091 hoc
1427 1043 1675 1109 quoque
1733 1024 1880 1090 loco
1945 1025 2196 1088 tantum

97 1127 308 1192 tradit
384 1127 724 1211 Gregorius
790 1128 1139 1194 initiandos
1213 1129 1406 1194 cultui
1465 1128 1943 1210 probationibus
2008 1128 2196 1194 fuisse

98 1231 448 1298 subiectos,
548 1234 790 1297 Iterum
859 1231 1033 1298 furor
1098 1231 1656 1298 inhumanissimus
1725 1232 1790 1296 in
1852 1231 2196 1299 Mithriaca

99 1357 176 1401 ex
224 1336 437 1402 verbis
483 1335 615 1402 illis
657 1337 877 1403 elucet.
969 1336 1124 1417 Quis
1170 1338 1340 1403 enim
1399 1339 1494 1402 est
1549 1337 1653 1419 qui
1708 1336 1924 1403 credat
1991 1337 2194 1402 chris-

97 1438 281 1505 tiano
313 1439 608 1522 scriptori
638 1440 890 1505 veniam
925 1459 1060 1506 esse
1103 1440 1373 1506 dandam
1415 1440 1758 1505 affirmanti
1804 1439 1885 1504 ad
1915 1442 2192 1507 Mithrae

95 1545 412 1629 mysteria
454 1545 817 1627 peragenda
859 1544 1150 1610 homines
1198 1563 1444 1611 summo
1494 1563 1636 1609 cum
1682 1545 1818 1609 iure
1853 1563 1986 1610 esse
2020 1564 2192 1611 com-

97 1649 342 1714 bustos.

273 1878 551 1943 Restant
598 1876 975 1959 explicanda
1019 1874 1308 1960 Gregorii
1358 1877 1569 1955 verba,
2260 1890 2354 1944 XXI
2371 1890 2674 1973 {Gregorius

228 1984 372 2050 Καὶ
417 1982 641 2067 νυχίης
681 1981 960 2071 ιΕζτοῖτης
1003 1983 1168 2048 κακοὶ
1215 1981 1555 2066 φάσματα,
1604 1980 1695 2059 ὥς
1742 1982 1814 2049 δὲ
1858 1989 2039 2050 ναοῖο
2296 1961 2638 2018 Numnam&

229 2086 590 2175 Μιθραιόυ
637 2086 800 2161 κακοὶ
848 2081 1001 2173 ἔργα
1046 2087 1155 2153 καὶ
1201 2087 1387 2175 ὄργια
1436 2083 1642 2154 οὐκέτ’
1690 2087 1959 2154 &lavata
1979 2087 2053 2168 2).

98 2189 398 2254 Dubitari
444 2188 656 2253 autem
704 2207 829 2253 non
874 2207 1059 2272 posse
1104 2192 1258 2273 puto
1309 2190 1460 2273 quin
1503 2192 1695 2257 verba
1740 2193 1929 2280 ὄργια
1981 2191 2184 2259 οὐκέτ’

96 2295 367 2361 ἄπυστα
411 2292 772 2376 pertineant
816 2293 897 2357 ad
925 2293 1252 2359 Mithram.
1331 2293 1502 2374 Quae
1534 2314 1676 2360 cum
1721 2296 1815 2361 ita
1845 2296 1994 2375 sint,
2043 2315 2185 2361 cum

103 2416 172 2462 ex
201 2396 465 2463 vocibus
497 2400 661 2476 κακοὶ
706 2393 860 2486 ἔργα
895 2397 986 2463 nil
1031 2397 1380 2464 accuratius
1427 2399 1734 2466 efficiatur
1777 2400 1843 2465 id
1874 2400 2061 2467 modo
2108 2415 2196 2487 ex·

100 2501 196 2566 his
243 2515 460 2567 rursus
490 2502 851 2585 intellegas,
886 2504 1169 2584 quamvis
1203 2502 1307 2567 diu
1337 2504 1678 2569 Mithriaca
1708 2524 1937 2587 arcana
1965 2506 2185 2587 ignota

96 2604 348 2684 fuerint,
394 2607 610 2670 tamen
658 2606 947 2689 Gregorii
989 2606 1379 2689 temporibus
1425 2607 1625 2674 cultus
1669 2609 1837 2674 illius
1883 2609 2183 2692 mysteria

98 2712 308 2777 multis
336 2723 458 2776 non
480 2711 559 2776 iis
582 2711 855 2776 initiatis
887 2711 1077 2777 fuisse
1109 2713 1380 2793 cognita.
1427 2712 1909 2778 Memorandum
1934 2732 2179 2797 quoque

98 2818 187 2880 est
251 2816 516 2881 verbum
585 2818 772 2904 ὄργια
839 2816 1102 2880 minime
1162 2814 1332 2879 idem
1403 2815 1764 2897 significare
1837 2818 2005 2899 quod
2062 2835 2176 2882 nos

98 2920 317 2985 eodem
377 2919 475 2983 usi
544 2938 706 2983 nunc
774 2919 1203 3002 exprimimuS‚
1270 2921 1651 3002 quapropter
1717 2919 1878 2986 falso
1935 2920 2174 2986 iudices

99 3022 169 3086 de
225 3023 477 3088 ratione
535 3024 673 3106 ipsa
741 3022 937 3089 cultus
981 3024 1102 3089 hoc
1148 3025 1337 3089 verbo
1386 3024 1697 3105 quaedam
1761 3024 1905 3092 dici.
2008 3023 2173 3105 Quid

96 3124 209 3192 sibi
275 3127 483 3192 velint
525 3129 717 3192 verba
779 3129 995 3195 οὐκέτι
1057 3131 1323 3195 &nvom
1368 3145 1481 3211 pro
1541 3130 1711 3194 certo
1772 3147 1897 3193 non
1948 3129 2169 3207 habeo,

96 3231 212 3295 nisi
259 3232 666 3315 cogitandum
719 3234 816 3324 est
863 3232 937 3296 de
984 3250 1213 3297 arcana
1259 3232 1461 3298 cultus
1506 3232 1893 3315 peractione.
1983 3233 2167 3299 Addo

97 3353 163 3398 ex
208 3337 508 3403 omnibus
557 3336 845 3419 Gregorii
906 3337 1292 3403 testimoniis
1349 3338 1594 3403 elucere
1643 3356 1784 3403 eum
1829 3336 2169 3403 Mithriaca

93 3440 441 3523 vituperare
491 3459 677 3523 quam
724 3460 1102 3524 cognoscere
1148 3442 1469 3508 maluisse.
1553 3428 1555 3431 ’

253 3650 551 3716 Julianus
592 3652 802 3716 autem
829 3652 1172 3734 imperator
1199 3672 1325 3716 non
1355 3650 1557 3716 solum
1582 3649 1658 3715 de
1692 3650 2005 3717 seditione
2029 3651 2160 3731 illa,
2231 3678 2345 3733 xxfl
2382 3683 2427 3734 1.
2454 3682 2646 3740 Flavius

97 3751 453 3837 diligentius
484 3754 609 3819 alio
639 3755 776 3820 loco
805 3755 1196 3836 explicanda,
1223 3757 1303 3821 ob
1325 3756 1839 3838 repurgationem
1861 3754 2159 3821 Mithraei
2232 3747 2461 3806 claudius
2512 3753 2641 3808 Juli-

95 3854 499 3923 Alexandriae
526 3860 758 3938 exorta‚
784 3858 1038 3941 scripsit
1062 3860 1173 3924 sed
1199 3860 1390 3925 etiam
1415 3860 1483 3923 in
1510 3859 1793 3925 oratione
1820 3861 2039 3941 quarta
2062 3859 2161 3939 εἷς
2231 3832 2353 3873 ³⁰⁰⁸
2386 3822 2638 3891 Apostatav

220 4027 258 4097 ¹)
294 4030 331 4085 l.
370 4047 415 4085 c.
451 4031 650 4088 XXXV
684 4033 785 4087 592
813 4033 861 4089 Α
885 4034 1095 4087 97-98
1131 4032 1274 4102 (109)
1301 4033 1457 4102 Greg.
1501 4049 1622 4102 opp.
1648 4032 1694 4086 Ι.
1729 4048 1802 4086 or.
1839 4032 1931 4087 IV.
1957 4031 2158 4089 Contra.

97 4109 346 4170 Julianum
382 4117 412 4171 1
447 4119 530 4173 70.
1943 4182 1947 4185 ,
2047 4171 2050 4173 ,

216 4201 257 4268 ²)
292 4203 328 4256 1.
365 4219 409 4257 c.
447 4203 699 4258 XXXVII
741 4207 874 4258 1572
912 4205 969 4261 A·
997 4204 1383 4272 (1084—1085)
1432 4205 1584 4275 Greg.
1635 4222 1756 4276 opp.
1806 4206 1863 4260 11
1898 4222 2057 4261 carm.
2096 4207 2152 4260 11

96 4280 206 4338 hist.
241 4289 294 4344 11
331 4294 384 4359 7,
421 4290 714 4344 265—266.
753 4292 836 4346 Ad
872 4291 1195 4346 Nemesium.
1231 4291 1446 4348 Parisiis
1488 4293 1635 4344 1862.
1662 4294 1734 4346 80.
