2925 4802
1508 256 1632 335 116

1360 984 1768 1065 conclusio.

592 1196 842 1279 Legisti
873 1195 1069 1277 igitur
1112 1195 1189 1259 de
1241 1194 1621 1276 scriptorum
1669 1196 2058 1261 testimoniis
2110 1198 2537 1280 expositiones
2574 1199 2737 1279 plu-2

425 1303 641 1379 rimas,
691 1299 1044 1383 cognovisti
1091 1319 1191 1364 me
1239 1298 1730 1381 inscriptionum
1775 1301 2021 1365 tantam
2082 1300 2559 1367 multitudinem
2613 1322 2731 1368 ac-

426 1404 818 1470 curatissime
883 1404 1318 1486 investigasse,
1387 1403 1717 1486 inspexisti
1784 1404 1862 1469 de
1932 1404 2287 1470 simulacris
2355 1407 2730 1485 sententias,

427 1525 791 1591 persuasum
886 1507 1079 1572 habes
1158 1528 1258 1574 me
1349 1527 1484 1572 rem
1566 1508 1867 1572 tractasse
1947 1508 2406 1592 gravissimam.
2522 1509 2730 1589 Quem

436 1614 604 1679 enim
638 1614 872 1678 cultum
904 1613 1228 1697 cognitum
1257 1615 1588 1691 habemus,
1632 1612 1735 1696 qui
1768 1614 1944 1677 tanta
1986 1612 2318 1679 intellectu
2351 1613 2735 1698 dignissima

429 1738 503 1783 ex
536 1719 724 1783 rebus
768 1698 834 1783 et
872 1718 1064 1783 sacris
1113 1719 1177 1781 et
1208 1717 1484 1800 profanis
1528 1717 1844 1801 praebeat,
1895 1716 2000 1799 qui
2033 1716 2345 1801 originem
2391 1719 2469 1783 ab
2513 1718 2733 1783 orien-

422 1823 541 1888 tali
589 1822 858 1905 quadam
903 1821 1212 1904 religione
1275 1820 1527 1902 ducens,
1587 1822 1812 1886 eodem
1864 1823 2153 1902 tempore
2211 1841 2331 1903 quo
2378 1822 2766 1887 christiana.

429 1928 585 1992 fides
630 1926 918 2004 invaluit,
968 1945 1080 2008 per
1124 1926 1330 1990 totum
1377 1927 1803 1990 Romanorum
1851 1925 2190 2007 imperium
2223 1927 2608 2008 propagatus
2662 1928 2732 1993 et

425 2050 541 2113 per
586 2030 771 2112 plura
815 2030 1060 2111 saecula
1106 2029 1523 2109 conservatus,
1573 2030 1649 2094 ab
1683 2027 1975 2095 omnibus
2021 2028 2402 2109 hominibus,
2451 2049 2569 2095 nec
2598 2030 2729 2096 im-

425 2135 715 2218 peratore
750 2152 865 2197 nec
911 2151 1086 2197 servo
1120 2133 1418 2215 exceptis,
1453 2133 1893 2217 peragebatur,
1942 2132 2046 2215 qui
2092 2132 2382 2221 ultimum
2430 2152 2546 2198 nec
2579 2153 2732 2216 pes-

426 2240 655 2303 simum
715 2237 940 2319 primis
1011 2236 1266 2319 quidem
1334 2237 1728 2320 temporibus
1799 2237 1976 2319 quasi
2040 2235 2161 2302 fuit
2222 2237 2730 2320 experimentum

425 2343 760 2429 gentilium
826 2342 1342 2431 superstitionum
1400 2340 1831 2420 conservandi,
1895 2341 1999 2424 qui
2045 2340 2242 2432 igitur
2286 2342 2492 2423 qualis
2533 2342 2733 2409 fuerit

423 2450 560 2514 tum
606 2446 873 2512 Romani
942 2445 1192 2529 imperii
1252 2446 1632 2530 religionum
1694 2446 1917 2524 status,
1982 2445 2222 2528 optime
2281 2463 2394 2511 nos
2456 2446 2727 2513 edocere

424 2552 657 2636 potest.
750 2550 951 2630 Quam
1018 2552 1095 2615 ob
1160 2568 1297 2615 rem
1353 2570 1454 2615 me
1514 2549 1855 2616 confecisse
1919 2569 2080 2633 quae
2143 2550 2210 2614 in
2267 2551 2454 2616 initio
2503 2553 2723 2634 operis

428 2656 589 2721 mihi
636 2656 952 2738 proqosui,
1003 2654 1278 2720 dubitari
1325 2655 1566 2736 nequit.

602 2776 821 2840 Liceat
864 2777 985 2841 hoe
1030 2776 1172 2840 loco
1231 2775 1446 2857 paucis
1514 2791 1854 2859 exponere,
1913 2795 2072 2859 quae
2130 2776 2205 2841 ad
2258 2776 2726 2843 defendendam

429 2879 636 2963 operis
682 2879 994 2944 rationem
1050 2879 1280 2945 idonea
1335 2879 1497 2944 mihi
1558 2867 1907 2947 videantur.
2000 2880 2251 2945 Dixeris
2310 2882 2479 2945 enim
2525 2898 2725 2964 expo-

427 2983 760 3049 sitionibus
805 2983 965 3047 meis
1014 2983 1285 3067 cognitis
1335 3001 1455 3048 non
1506 2984 1663 3049 satis
1725 2986 2029 3063 constare,
2080 2983 2231 3068 quid
2276 2967 2424 3050 novi
2471 2985 2727 3067 primus

429 3086 726 3152 edoceam
773 3107 973 3169 neque
1021 3088 1291 3153 aliorum
1339 3088 1689 3154 sententias
1734 3088 1885 3152 satis
1931 3107 2033 3153 me
2069 3088 2420 3171 repetiisse.
2512 3087 2724 3168 Quam

431 3190 508 3256 ob
554 3211 690 3256 rem
721 3189 914 3257 liceat
960 3211 1058 3256 me
1090 3192 1303 3274 paucis
1335 3191 1411 3256 de
1460 3193 1540 3257 iis
1572 3192 1766 3274 loqui,
1795 3210 1968 3278 ‘quae
2018 3210 2168 3257 esse¹
2191 3192 2509 3275 sequenda
2538 3190 2712 3258 duxi.
2761 3204 2784 3214 ⁸

433 3294 590 3360 Cum
639 3295 805 3359 enim
853 3314 1077 3377 corpus
1120 3295 1607 3376 inscriptionum
1640 3295 1980 3361 latinarum
2031 3296 2188 3360 illud
2237 3315 2352 3361 nec
2383 3314 2509 3360 non
2557 3296 2724 3361 alios

429 3398 759 3464 titulorum
820 3398 1014 3463 libros
1066 3399 1322 3464 volvens
1390 3400 1946 3465 innumerabilium
2024 3401 2154 3465 fere
2231 3400 2722 3483 inscriptionum

432 3501 915 3568 Mithriacarum
1005 3503 1393 3585 repertarum
1492 3504 1841 3589 cognitioni
1927 3504 2276 3570 studuerim
2369 3506 2434 3569 et
2522 3505 2724 3589 scrip-

432 3608 642 3674 torum
679 3607 891 3672 omnia
924 3626 1078 3690 quae
1111 3609 1444 3690 supersunt
1474 3608 1815 3673 tesimenia
1847 3609 2255 3692 cognoverim
2288 3610 2352 3674 et
2383 3608 2727 3674 simulacra

432 3710 750 3793 permulta
794 3711 1083 3775 accurate
1130 3710 1544 3794 inspexerim,
1605 3712 1876 3795 plurima
1935 3714 2012 3777 de
2069 3714 2147 3778 iis
2194 3713 2428 3796 scripta
2473 3731 2610 3777 esse
2657 3715 2727 3779 et

433 3814 782 3897 suspicatus
844 3834 980 3879 sum
1046 3817 1111 3879 et
1168 3817 1450 3898 cognovi.
1545 3816 1885 3899 Postquam
1946 3817 2158 3882 autem
2220 3815 2589 3900 diligentius
2648 3836 2747 3889 eas

432 3918 711 4002 perlegi,
788 3937 885 3982 res
955 3918 1218 3984 minime
1287 3938 1422 3984 esse
1486 3920 1834 4003 disceptata
1903 3920 2250 3989 videbatur.
2358 3919 2477 4000 Qui
2522 3922 2725 3986 enim
2803 3921 2814 3930 “

430 4023 681 4088 uberius
740 4024 817 4088 de
872 4042 939 4087 re
997 4025 1252 4108 cognita
1296 4026 1487 4091 verba
1533 4025 1765 4104 fecere,
1815 4025 1951 4089 sine
1997 4026 2130 4090 ulla
2175 4024 2726 4108 interpretationis

434 4125 687 4191 ratione
736 4126 950 4191 omnia
996 4147 1033 4191 a
1077 4127 1514 4211 scriptoribus,
1559 4149 1597 4193 a
1642 4129 2011 4209 simulacris,
2060 4130 2137 4195 ab
2183 4129 2728 4222 inscriptionibuS‚

411 4226 595 4310 *quae
663 4230 913 4311 praesto
982 4229 1141 4295 forte
1192 4234 1406 4312 erant,
1477 4251 1823 4316 numquam
1892 4236 2102 4299 autem
2165 4234 2373 4299 omnia
2430 4236 2727 4301 accurate
