2925 4802
158 1298 206 1349 t.
242 1314 291 1365 p.
339 1295 567 1350 Lxxxix.

241 3297 289 3350 L.
330 3315 377 3367 p.
413 3295 502 3350 XC.

1629 243 1711 305 96

637 469 762 516 11011
824 468 959 515 6336
1020 451 1239 513 fictum
1296 449 1360 513 et
1404 449 1657 513 leonem
1703 449 2104 530 scorpionem
2152 450 2332 531 quasi,
2362 449 2736 530 fugientem

636 553 918 638 aggredi.
966 554 1063 618 De
1096 552 1341 631 ceteris,
1371 571 1531 634 quae
1564 552 1940 629 invenimus,
1968 552 2339 631 simulacriS‚
2377 553 2741 618 dicendum

635 657 795 722 mihi
827 656 987 721 nihil
1021 659 1136 723 est.
1213 658 1308 721 De
1336 658 1625 738 tempore
1657 657 1873 722 autem
1899 656 2383 739 inscriptionum
2412 657 2742 741 imaginis

636 764 883 827 nostrae
928 761 1335 847 investiganti
1381 760 1563 843 plura
1611 760 1874 827 elucent.
1968 761 2123 826 Cum
2171 763 2337 826 enim
2394 761 2585 828 Fabio
2664 764 2742 826 et

634 866 999 931 Simmacho
1047 885 1201 934 coss,
1249 865 1441 930 fuerit
1486 884 1685 928 annus
1746 865 2224 931 trecentesimus
2271 867 2738 949 nonagesimus

634 989 821 1050 unus,
863 970 1201 1035 artificium
1262 988 1375 1034 nos
1447 968 1813 1051 cognovisse
1866 971 2118 1034 constat
2170 969 2416 1034 ultimis
2492 970 2742 1051 quibus

639 1074 839 1139 cultus
885 1073 1168 1140 floruerit
1212 1073 1606 1154 temporibus
1652 1073 2031 1142 confectum.

808 1283 1214 1348 Pervenimus
1260 1283 1341 1347 ad
1370 1281 1650 1357 tabulam
1683 1283 2138 1366 octogesimam
2172 1300 2424 1348 nonam.
2494 1280 2740 1366 Imago

639 1387 921 1470 proxime
970 1387 1323 1469 descriptae
1370 1386 1761 1465 estsimilis,
1825 1386 1941 1451 etsi
1990 1388 2213 1452 artifex
2261 1386 2740 1452 alienissimam

639 1491 760 1556 loci
794 1490 1273 1573 dispositionem
1304 1490 1571 1555 induxit.
1662 1493 1738 1555 In
1770 1509 2059 1574 supremo
2106 1491 2301 1556 habes
2349 1511 2455 1557 sex
2501 1509 2742 1556 monu-

638 1596 853 1659 menta
926 1594 1206 1675 minora,
1273 1584 1536 1678 qnorum
1611 1597 1836 1659 natura
1910 1586 2102 1676 Μὶε,
2176 1597 2271 1661 est
2340 1597 2405 1661 et
2476 1597 2740 1676 septem

638 1697 880 1777 altaria,
929 1699 996 1762 in
1033 1717 1295 1783 quorum
1327 1699 1564 1763 circulo
1599 1701 1728 1763 stat
1760 1698 1857 1762 vir
1881 1690 2104 1777 alatus,
2136 1699 2401 1765 forsitan
2432 1698 2739 1775 Mithras,

637 1802 956 1883 sceptrum
986 1821 1210 1887 gerens
1259 1804 1322 1867 et
1367 1803 1660 1884 serpente
1694 1803 2044 1868 obvolutus.
2119 1803 2175 1867 A
2208 1802 2464 1867 sinistra
2509 1804 2742 1868 autem

637 1907 815 1987 parte
862 1906 1042 1971 fictus
1091 1908 1185 1971 est
1229 1906 1390 1971 alter
1435 1906 1629 1971 homo
1675 1907 1964 1989 serpente
2007 1904 2337 1985 involutus,
2388 1906 2491 1988 qui
2538 1925 2739 1971 nemo

638 2010 758 2073 nisi
806 2029 1017 2075 servus
1067 2011 1163 2074 est
1206 2010 1343 2076 Dei.
1435 2010 1602 2076 Solis
1649 2011 1715 2074 et
1757 2010 1966 2075 Lunae
2011 2028 2224 2075 currus
2257 2010 2451 2074 solita
2479 2009 2742 2075 ratione

637 2114 828 2179 vides.
875 2115 1108 2178 Rursus
1123 2114 1369 2180 invenis
1388 2115 1541 2179 duas
1560 2114 1834 2193 arbores,
1855 2133 2119 2197 quarum
2144 2114 2365 2197 cuique
2391 2129 2740 2195 suspensae

640 2221 784 2284 sunt
848 2219 1054 2297 facee,
1122 2238 1378 2303 quarum
1446 2218 1646 2283 altera
1710 2220 1948 2294 erecta,
2018 2218 2220 2283 altera
2288 2219 2384 2283 est
2451 2218 2736 2285 inversa.

640 2321 845 2387 Alteri
893 2322 1160 2406 denique
1208 2323 1415 2388 arbori
1465 2322 1751 2386 adiectus
1789 2325 1920 2387 »est
1974 2323 2244 2407 scorpio,
2306 2321 2494 2387 alteri
2560 2322 2740 2385 tauri

641 2429 847 2511 caput,
907 2429 1232 2493 testiculos
1295 2437 1504 2492 autem
1567 2428 1748 2512 bovis
1808 2429 1926 2494 duo
1999 2427 2358 2511 scorpiones
2407 2428 2737 2496 mordent.

642 2533 733 2597 Ut
775 2534 841 2597 in
887 2534 1386 2610 commemorata,
1434 2533 1528 2596 ita
1573 2533 1640 2596 in
1684 2531 1803 2596 hac
1833 2532 2115 2616 imagine
2157 2552 2195 2596 a
2239 2532 2500 2597 sinistra
2543 2533 2741 2614 parte

642 2638 817 2702 stant
876 2627 1126 2702 iuvenes
1191 2655 1329 2700 cum
1395 2637 1634 2702 facibus
1697 2637 1949 2719 saepius
1997 2637 2345 2726 explicatis.
2437 2636 2742 2701 Primum

641 2743 763 2807 hoc
809 2761 1051 2825 quoque
1110 2741 1375 2807 artificio
1433 2741 1757 2825 cognoscis
1805 2742 2071 2806 minime
2118 2740 2542 2824 significatum
2589 2759 2743 2806 esse

641 2849 910 2925 antrum,
958 2846 1065 2911 sed
1114 2846 1486 2929 frugiferam
1530 2848 1884 2930 planitiem.
1975 2847 2087 2911 Nil
2135 2846 2472 2911 enim‘'nisi
2507 2865 2744 2912 corvus

642 2951 807 3016 saxis
850 2951 1181 3034 impositus
1242 2952 1355 3016 est.
1444 2952 1693 3016 Bonum
1752 2953 1960 3017 autem
2016 2950 2324 3033 artificem
2369 2948 2489 3015 boc
2532 2968 2738 3028 unum

639 3056 809 3119 terra
851 3056 992 3119 usta
1036 3055 1253 3120 fictum
1300 3058 1590 3139 ectypum
1638 3055 1860 3121 fecisse
1907 3055 2075 3119 haud
2120 3054 2308 3119 facile
2356 3055 2591 3119 credas.

816 3280 859 3344 J
861 3298 963 3343 am
985 3278 1353 3363 progrediar
1377 3280 1458 3344 ad
1489 3278 1896 3344 simulacrum
1929 3277 2096 3362 quod
2125 3279 2406 3362 sequitur
2429 3279 2736 3344 Mithria-

642 3401 820 3462 cum,
909 3402 981 3447 ex
1069 3384 1348 3448 omnium
1420 3401 1678 3450 numero
1764 3383 2053 3465 plurimis
2133 3384 2263 3449 fere
2345 3383 2737 3467 imaginibus

643 3488 1028 3553 exornatum.
1129 3487 1413 3551 Primum
1490 3488 1791 3553 mactatio
1868 3488 2007 3570 ipsa
2082 3488 2256 3553 bovis
2334 3488 2735 3571 investigan-

644 3590 723 3655 da
791 3592 902 3658 est.
1037 3590 1173 3670 Qua
1236 3591 1301 3655 in
1371 3612 1436 3656 re
1507 3591 1839 3658 efficienda
1905 3591 1973 3655 id
2037 3610 2226 3657 unum
2298 3611 2733 3658 commemoro

644 3695 932 3759 arborem
1028 3694 1361 3771 florentem
1410 3696 1560 3762 ,hic
1635 3713 1766 3762 6336
1843 3695 2087 3774 fictam,
2190 3714 2380 3779 quam
2472 3715 2734 3779 serpens

644 3798 1012 3863 circumdat.
1127 3799 1281 3866 Cum
1392 3802 1601 3864 autem
1716 3801 1876 3865 alius
1987 3818 2244 3880 serpens
2356 3801 2735 3883 sanguinem

643 3902 806 3966 tauri
854 3904 1050 3983 petat,
1097 3921 1297 3987 neque
1340 3903 1451 3967 ille
1499 3903 1824 3986 impediat,
1874 3903 2203 3987 quominus
2246 3902 2473 3968 floreat
2520 3905 2733 3984 arbor,

645 4007 905 4070 minime
950 4008 1103 4090 puto
1150 4009 1314 4071 hunc
1360 4010 1716 4089 serpentem
1757 4007 2010 4072 hostem
2056 4027 2187 4073 esse
2232 4008 2416 4072 illum
2447 4009 2736 4075 Mithrae

646 4112 989 4194 cognitum,
1079 4112 1188 4177 sed
1264 4112 1663 4176 aeternitatis
1722 4112 1994 4195 signum,
2073 4131 2192 4197 quo
2261 4113 2740 4180 demonstretur

646 4216 898 4280 arbores
912 4216 1109 4304 ,quasi
1141 4215 1204 4278 in
1238 4218 1562 4294 aeternum
1594 4217 1834 4281 florere.
1926 4219 2107 4282 Hanc
2138 4218 2348 4283 autem
2378 4218 2741 4286 necationis
