2925 4802
88 3851 220 3908 XXVI
256 3854 301 3904 3.
330 3852 501 3906 Hiero-

202 3937 397 3992 nymus.

1580 283 1668 346 44

520 486 523 493 “
586 492 971 575 portentosis
1017 490 1370 557 simulacris
1416 490 1614 554 cultui
1659 490 1949 556 initiatos
1995 509 2128 557 esse
2175 489 2467 568 cultores,
2517 508 2661 574 quos

584 598 899 681 significat
944 595 1262 661 vocabulis
1289 593 1549 675 ‚om-ax,
1606 593 1934 681 Nymphas
1953 645 1968 672 ‚
2027 595 2376 680 (Gryphus)
2392 644 2407 673 ‚
2458 595 2660 675 Miles,

583 703 731 783 Leo,
782 701 1027 780 Perses,
1078 697 1314 773 Helice,
1362 698 1630 777 Brome,
1693 698 1886 761 Pater
1903 700 1975 779 ¹).
2068 701 2225 767 Octo
2275 700 2479 782 igitur
2524 719 2663 764 eum

584 807 809 890 gradus
861 803 1244 870 venerationi
1306 803 1407 868 illi
1481 802 1877 869 initiatorum
1948 806 2312 886 cognovisse
2385 807 2660 888 apparet.

584 911 880 991 Quamvis
926 911 1138 974 autem
1185 907 1490 973 credibile
1543 908 1628 972 sit
1674 907 2023 973 Gracchum
2080 909 2287 990 ipsum
2335 909 2664 993 propinqui

584 1016 697 1093 sui,
765 1012 1092 1095 scriptoris
1162 1012 1381 1089 nostri,
1450 1011 1883 1078 familiaritate
1966 1031 2145 1077 usum
2215 1030 2372 1091 esse,
2452 1014 2666 1077 tamen

583 1120 782 1195 illum,
855 1118 959 1201 qui
1024 1116 1382 1182 Mithriacis
1449 1115 1706 1181 minime
1766 1117 2021 1194 faveret,
2069 1117 2529 1202 Hieronymum
2594 1118 2665 1182 de

583 1222 879 1307 gradibus
938 1239 1182 1304 quoque
1229 1219 1609 1287 initiationis
1665 1222 1994 1286 certiorem
2041 1222 2263 1287 fecisse
2309 1241 2348 1285 a
2400 1223 2663 1287 veritate

583 1327 858 1392 alienum
914 1324 1158 1390 videtur
1218 1343 1376 1389 esse.
1469 1324 1636 1389 Aliis
1694 1325 1894 1408 igitur
1953 1326 2222 1391 testibus
2289 1326 2665 1409 scriptorem

583 1431 1076 1498 ecclesiasticum
1135 1429 1253 1493 hac
1315 1428 1382 1491 in
1439 1448 1506 1492 re
1563 1428 1907 1492 enarranda
1957 1448 2134 1494 usum
2195 1448 2330 1494 esse
2397 1432 2661 1496 constat.

578 1535 955 1601 Portentosa
1000 1535 1210 1598 autem
1243 1532 1578 1598 simulacra
1608 1533 1946 1598 Mithriaca
1976 1533 2163 1599 fuisse
2198 1554 2270 1599 ex
2303 1533 2385 1598 iis
2419 1553 2662 1618 quoque

581 1640 778 1722 patet,
814 1656 970 1723 quae
1018 1655 1055 1700 a
1086 1638 1424 1702 Sozomeno
1458 1656 1532 1701 ac
1566 1637 1825 1702 Socrate
1859 1638 1934 1702 de
1966 1639 2410 1721 repurgatione
2442 1637 2663 1721 templi

579 1742 854 1808 Mithrae
874 1740 1294 1807 Alexandriae
1316 1742 1557 1805 tradita
1573 1742 1696 1808 alio
1722 1743 1862 1807 loco
1883 1741 2184 1807 habemus
2205 1741 2659 1825 cognoscenda.

583 1848 681 1911 De
723 1845 1082 1911 initiatione
1139 1844 1277 1928 ipsa
1331 1865 1473 1910 cum
1539 1846 1796 1911 traditis
1858 1847 2236 1931 conferenda
2299 1847 2444 1910 sunt
2511 1865 2667 1929 quae

583 1950 1003 2017 Tertullianus
1060 1951 1113 2032 2)
1161 1954 1392 2015 narrat.
1485 1950 1573 2015 At
1620 1950 2010 2032 propositum
2056 1949 2217 2015 mihi
2279 1967 2415 2015 esse
2461 1951 2668 2033 putes,

585 2059 651 2121 ut
697 2056 774 2119 de
821 2055 1116 2137 gradibus
1173 2055 1331 2136 ipsis
1373 2053 1625 2119 uberius
1681 2054 1785 2120 hic
1830 2056 2152 2121 disseram.
2247 2055 2406 2121 Cum
2451 2056 2670 2122 autem
2741 2052 2750 2062 ’

581 2160 850 2242 scriptor
910 2161 1123 2224 noster
1200 2178 1357 2223 unus
1425 2161 1568 2224 octo
1638 2159 1779 2223 illas
1846 2161 2250 2241 gradationes
2281 2161 2668 2243 denumerat,

581 2282 782 2345 neque
853 2264 1101 2327 credam
1171 2262 1655 2344 inscriptionum
1735 2265 1798 2328 et
1879 2264 2227 2348 imaginum
2294 2264 2672 2330 testimonia

579 2386 850 2450 unquam
909 2368 989 2434 ad
1049 2386 1183 2432 rem
1243 2367 1684 2433 illustrandam
1748 2368 1969 2432 afferre
2024 2367 2125 2433 his
2190 2368 2668 2453 quaestionibus

579 2473 886 2554 prodesse,
933 2493 1008 2538 ne
1052 2491 1213 2556 vaga
1258 2473 1617 2538 coniectura
1659 2476 1818 2551 utar,
1867 2471 2268 2538 satishabeo
2315 2472 2666 2537 affirmasse

578 2576 853 2656 virorum
900 2578 1223 2642 doctorum
1270 2577 1504 2642 iudicio
1549 2576 1650 2641 his
1719 2577 2011 2641 omnibus
2058 2576 2433 2655 nominibus,
2480 2577 2666 2659 patre

580 2683 833 2764 excepto
894 2683 958 2745 et
1020 2680 1313 2765 Nympho
1372 2700 1482 2764 pro
1529 2681 1794 2764 virgine,
1845 2682 2167 2747 Dromone
2246 2699 2360 2762 pro
2433 2700 2664 2745 cancro

579 2785 902 2862 adhibitis,
951 2785 1274 2850 stellarum
1308 2785 1622 2869 imagines
1653 2787 2017 2869 significari.
2090 2786 2214 2850 Sed
2244 2786 2475 2864 utrum,
2519 2804 2663 2849 cum

580 2885 828 2954 obsides
873 2890 1201 2970 praemissi
1248 2892 1433 2975 atque
1479 2908 1517 2953 a
1560 2889 1843 2956 Graccho
1889 2891 2022 2955 dati
2069 2890 2367 2972 baptismi
2419 2889 2664 2955 Christi

577 2992 982 3057 nominentur
1056 2993 1389 3058 simulacra
1454 2993 1566 3057 illa
1636 2996 2003 3075 portentosa
2067 2995 2269 3059 cultus
2335 2995 2663 3060 Mithriaci

580 3097 930 3176 destructa,
993 3097 1101 3162 ille
1149 3096 1430 3182 quamvis
1477 3097 1717 3163 faveret
1778 3099 1971 3163 cultui
2021 3099 2137 3163 Dei
2197 3099 2382 3177 Solis,
2440 3101 2661 3164 senatu

574 3201 851 3279 iubente,
899 3202 1319 3268 devastaverit
1364 3201 1686 3283 spelaeum
1733 3201 1911 3281 illud,
1975 3221 2055 3265 an
2101 3204 2367 3285 scriptor
2409 3205 2658 3268 tantum

573 3305 885 3371 rhetorice
932 3325 1133 3391 neque
1178 3306 1384 3370 minus
1418 3305 1691 3370 dilucide
1725 3306 2105 3385 disseruerit,
2155 3307 2510 3373 discernere
2553 3326 2658 3371 me

574 3428 700 3474 non
743 3429 924 3491 posse
958 3410 1249 3476 concedo.
1327 3409 1551 3474 Verbis
1582 3411 1792 3474 autem
1837 3429 1992 3495 quae
2033 3411 2377 3494 sequuntur
2407 3412 2659 3477 constat

573 3514 1030 3598 Hieronymum
1076 3512 1254 3578 valde
1298 3533 1431 3579 esse
1477 3514 1763 3596 gavisum
1806 3514 2229 3580 Christianam
2275 3515 2654 3598 religionem

571 3617 907 3701 gentilium
955 3618 1152 3682 cultus
1198 3617 1394 3699 magis
1438 3617 1764 3703 magisque
1812 3618 2202 3704 exstinxisse.

744 3827 1114 3911 Hieronymi
1132 3826 1601 3893 adnumeranda
1622 3846 1857 3911 quoque
1881 3829 2025 3892 sunt
2042 3847 2074 3892 e
2096 3828 2310 3891 libris:
2333 3826 2647 3892 Adversus

573 3933 615 3996 J
618 3931 976 3996 ovinianum
1021 3969 1105 3977 —
1139 3931 1345 3998 verba.
1417 3932 1641 3997 Tradit
1687 3932 1856 3996 enim
1901 3931 2029 3997 fere
2070 3932 2224 3996 haec
2257 3930 2547 3995 Narrant
2590 3942 2651 3993 et

716 4105 752 4172 ¹)
789 4103 870 4156 ed.
906 4103 973 4156 D.
1009 4103 1260 4169 vallarsi,
1305 4103 1387 4158 ed.
1432 4103 1590 4174 prim.
1627 4101 1655 4155 1
1689 4104 1790 4156 672
1828 4103 1877 4156 D
1917 4133 1982 4141 -
2018 4102 2120 4154 673
2159 4101 2225 4156 A.
2274 4101 2373 4171 Ep.
2412 4100 2558 4157 ovn
2591 4104 2642 4155 2.

570 4191 809 4246 Veronae
847 4192 996 4244 1734.
1032 4190 1123 4244 fol.

711 4277 751 4344 2)
786 4279 867 4330 De
903 4276 1113 4331 Corona
1151 4277 1230 4328 15.
