2925 4802
1156 341 1244 406 33

146 571 306 616 curn
374 551 439 615 in
505 550 660 615 vicis
725 550 886 632 ipsis
949 550 1189 632 templa
1252 548 1310 613 ei
1381 538 1698 612 exstructa
1759 547 1988 611 essent.
2079 545 2237 610 Tum

145 654 509 720 notandum
557 656 651 720 est
695 654 796 719 his
843 674 916 719 ex
964 653 1170 719 verbis
1226 651 1469 716 elucere
1514 650 1786 717 feminas
1835 667 2081 732 quoque
2127 647 2241 713 illo

143 761 452 842 ternpore
500 759 623 822 Dei
671 757 836 823 Solis
882 757 1113 822 Invicti
1159 756 1448 820 habuisse
1498 753 1870 821 sacerdotia.

339 950 559 1015 Liceat
616 949 837 1015 afferre
897 967 1054 1031 quae
1099 948 1348 1012 Flavius
1406 946 1715 1028 Vopiscus
1775 945 1851 1009 de
1913 943 2243 1010 Aureliani
2315 955 2432 1012 XVII
2464 959 2512 1010 2.
2535 955 2728 1011 Flavius

148 1056 365 1139 ipsius
396 1055 570 1119 cultu
599 1054 721 1119 Dei
754 1053 917 1119 Solis
949 1051 1224 1118 Mithrae
1270 1050 1488 1119 tradit.
1582 1049 1737 1114 Cum
1772 1050 1939 1114 enim
1971 1049 2247 1131 impera·
2397 1026 2648 1097 V⁰P¹⁸⁰¹¹³·

150 1162 266 1225 tor
311 1159 756 1243 proconsulem
819 1159 927 1223 aut
982 1158 1204 1223 ducem
1262 1155 1627 1222 Cerronium
1673 1155 1939 1219 Bassum
1999 1155 2247 1219 vetaret

148 1263 426 1329 ulterius
489 1264 567 1328 ad
618 1262 900 1328 hostium
962 1263 1146 1327 nrbes
1215 1260 1625 1327 destruendas
1693 1259 2007 1342 progredi,
2084 1262 2250 1324 tcm-

152 1369 342 1450 plum
374 1366 652 1431 Mithrae
683 1366 1014 1455 Palmyrae
1061 1364 1309 1449 ingenti
1341 1367 1595 1448 sumptu
1628 1365 2037 1429 reficiendum
2071 1365 2248 1428 curat

154 1491 284 1537 nec
327 1470 700 1553 pontificem
747 1470 809 1536 ei
854 1489 1239 1554 praeponere
1274 1469 1490 1536 omisit
1516 1470 1586 1552 ¹).
1678 1470 1817 1533 Huc
1865 1468 2129 1548 accedit,
2177 1472 2248 1534 ut
2345 1492 2348 1495 ·

158 1573 646 1658 cognoverimus
692 1575 959 1638 matrem
993 1573 1320 1639 Aureliani
1361 1574 1751 1639 sacerdotem
1782 1574 2013 1654 templi
2044 1573 2249 1640 cuius-

159 1681 318 1744 dam
385 1679 662 1743 Mithrae
739 1677 953 1743 fuisse.
1058 1676 1456 1760 Quapropter
1522 1677 1658 1742 iure
1726 1678 2078 1760 meritoque
2146 1698 2248 1743 me

156 1784 443 1849 iudicare
490 1784 641 1866 puto
686 1781 1134 1865 imperatorem
1172 1782 1353 1846 illum
1385 1800 1422 1845 a
1451 1779 1723 1847 Mithrae
1771 1782 1941 1846 cultu
1985 1781 2248 1848 minime

161 1887 586 1953 abhorruisse.
661 1887 884 1953 Restat
922 1888 993 1950 ut
1040 1902 1378 1969 cognoscas
1418 1887 1537 1951 hac
1582 1906 1649 1951 re
1681 1886 2008 1952 intellecta
2053 1887 2249 1951 alium

160 1992 358 2056 fuisse
404 1991 640 2056 cultum
673 1990 794 2056 Dei
828 1990 1103 2056 Mithrae
1150 1991 1556 2056 orientalium
1602 1992 2001 2075 populorum,
2051 1991 2246 2057 alium

150 2098 614 2174 Romanorum,
694 2115 836 2161 cum
906 2094 1056 2178 quin
1140 2095 1219 2159 ad
1287 2096 1451 2160 hunc
1518 2098 1946 2179 peragendum
1997 2097 2249 2160 mulier

162 2219 485 2283 nunquam
533 2199 882 2265 sacerdotis
923 2199 1133 2265 locum
1176 2199 1455 2266 tenuerit
1497 2200 1664 2265 haud
1710 2202 1793 2266 sit
1840 2201 2115 2268 dubium.

345 2390 583 2473 Quibus
628 2410 665 2456 a
700 2391 927 2458 Flavio
976 2390 1252 2474 Vopisco
1298 2390 1553 2457 traditis
1603 2392 2013 2457 adnumerem
2058 2391 2251 2458 verba
2320 2388 2438 2446 XVII
2471 2391 2518 2443 3
2540 2385 2734 2442 Flavius

162 2498 318 2563 data
346 2512 436 2561 est
478 2499 542 2561 ei
559 2511 907 2582 praeterea,
954 2521 1088 2560 cum
1120 2498 1358 2582 Zeqatas
1388 2495 1480 2559 ad
1510 2495 1745 2560 Persas
1773 2498 1939 2577 isset,
1972 2510 2242 2581 patera,
2403 2459 2655 2529 v⁰p¹⁸⁰u³

168 2601 386 2687 quales
428 2600 577 2664 solet
617 2600 1097 2687 imperatoribus
1143 2600 1296 2664 dam
1335 2624 1375 2663 a
1415 2624 1556 2688 reqe
1591 2600 1965 2683 Persarum,
2011 2601 2079 2664 i‘n
2124 2624 2250 2685 qua

162 2706 520 2789 insculptus
549 2717 686 2767 erat
721 2703 835 2769 Sol
873 2728 939 2768 eo
967 2704 1198 2783 habitu,
1245 2727 1364 2790 quo
1399 2704 1711 2768 colebatur
1753 2703 1831 2769 ab
1891 2729 1957 2770 eo
2014 2705 2251 2791 templa,

168 2810 242 2872 in
297 2831 412 2895 quo
462 2821 660 2872 ‘mater
709 2808 842 2873 eius
893 2807 1106 2887 fuerat
1155 2808 1446 2873 sacerdos
1484 2808 1556 2892 2).
1628 2807 1799 2888 Quae
1852 2810 2144 2894 leguntur
2187 2810 2254 2874 in

175 2912 384 2995 capite
450 2912 668 2995 quinto
730 2913 878 2979 libri
940 2914 1016 2978 de
1074 2912 1408 2978 Aureliani
1472 2914 1654 2978 rebus
1715 2913 1932 2996 gestis.
2015 2914 2254 2978 Eadem

175 3036 334 3100 quae
378 3017 486 3081 hic
528 3018 704 3081 locus
752 3017 977 3082 edocet
1024 3017 1105 3082 de.
1147 3020 1346 3082 matre
1405 3017 1534 3081 iam
1591 3016 1714 3081 alia
1758 3018 1947 3083 verba
1991 3037 2258 3102 cognos-

176 3123 392 3186 centes
433 3120 872 3186 intelleximus.
963 3122 1091 3186 Sed
1137 3122 1212 3186 de
1258 3142 1324 3186 re
1368 3122 1511 3206 ipsa
1554 3121 1661 3186 hic
1713 3124 2050 3203 taceamus,
2115 3141 2256 3204 cnm

178 3226 257 3289 ad
300 3226 641 3290 Persarum
687 3225 927 3291 cultum
972 3228 1220 3291 tantum
1266 3227 1555 3294 attineat.

354 3416 458 3481 Ad
489 3418 680 3482 verba
708 3418 1054 3501 Epiphanii
1086 3420 1534 3502 perscrutanda
1565 3418 2019 3502 progredimur.
2070 3417 2261 3502 Legi·
2329 3422 2484 3479 XVIII.
2509 3421 2741 3504 ‚Epipha-

176 3540 319 3586 mus
366 3520 536 3585 enim
583 3521 652 3585 in
677 3525 854 3588 tomo
901 3522 1093 3588 tertio
1140 3522 1286 3589 libri
1327 3522 1548 3606 primi:
1595 3522 1906 3588 Adversus
1949 3523 2259 3588 Haereses
2474 3510 2603 3547 mus.

172 3624 334 3689 haec
378 3622 485 3692 ἵνα
514 3627 630 3692 τόν
653 3626 1055 3714 Ἐπιμενίδην
1100 3627 1297 3716 δείξῃ,
1345 3628 1615 3717 ἀρχαῖον
1660 3628 1810 3696 ὄντα
1864 3629 2259 3719 φιλόσοφον,

175 3731 287 3796 καὶ
314 3729 567 3818 Μίθρα
610 3736 731 3797 τοῦ
775 3732 959 3818 napo?
993 3731 1243 3818 Κρησὶν
1286 3729 1566 3797 εἰδώλου
1598 3730 1671 3815 ¹⁹³).
1738 3731 2012 3797 Mithrae
2060 3732 2261 3816 igitur

177 3834 576 3898 sacerdotem
622 3832 1070 3915 Epimenidem
1117 3834 1429 3915 quendam
1490 3833 1679 3900 fuisse
1743 3855 2002 3901 narrans
2061 3838 2262 3903 tradit

177 3937 457 4019 scriptor
488 3935 818 4003 Cretenses
863 3955 1111 4020 quoque
1157 3937 1364 4002 Deum
1393 3938 1709 4004 Invictum
1755 3938 1882 4004 iam
1926 3939 2051 4003 illis
2095 3940 2262 4004 tem-

323 4147 364 4217 ¹)
401 4148 440 4203 l.
478 4164 521 4203 c.
562 4148 619 4203 II
658 4150 774 4214 156,
814 4151 1031 4207 11—27.
1070 4150 1335 4206 Aurelian.
1372 4149 1455 4209 31.

317 4236 364 4305 ²)
399 4234 438 4290 l.
477 4251 521 4290 c.
559 4233 618 4288 11
658 4236 776 4301 139,
814 4236 1002 4293 8—11.
1042 4237 1309 4293 Aurelian.
1349 4240 1398 4293 5.

318 4322 363 4394 ⁸)
401 4321 485 4377 ed.
521 4322 590 4378 D.
624 4323 874 4379 Petavius
908 4324 937 4378 1
972 4325 1075 4377 362
1111 4325 1175 4378 Β.
1212 4324 1466 4380 Coloniae
1506 4325 1654 4378 1682.
1690 4325 1784 4380 fol.

1921 4432 1954 4482 3
