2925 4802
262 1772 311 1825 L.
352 1788 400 1841 p.
436 1770 546 1825 XCI.

256 4135 306 4188 L.
345 4153 391 4205 p.
428 4134 561 4188 Xon.

1669 261 1752 325 98

669 466 965 531 animalis
1054 466 1316 532 sinistra
1386 469 1627 534 tenens,
1719 468 1955 533 Rursus
2041 470 2251 532 antem
2331 467 2744 534 initiationum
2813 510 2818 521 ·

671 571 1180 636 exercitationem
1244 571 1557 655 quandam
1626 572 1986 656 significari,
2047 572 2185 656 quis
2248 575 2347 637 cst
2392 573 2493 655 qui
2538 575 2739 658 neget.

671 674 834 754 Quid
865 677 1078 741 autem
1113 676 1283 740 dicas
1325 676 1402 740 de
1452 696 1647 759 puero
1682 677 1847 741 nudo
1878 676 2046 741 saxis
2079 676 2403 759 inposito?
2445 678 2741 760 Equidem

669 779 761 843 nil
790 781 1139 846 accuratius
1164 781 1329 862 qnod
1356 780 1433 844 de
1459 801 1533 845 eo
1560 781 1766 845 dicam
1799 782 2025 849 habeo.
2074 780 2330 863 Cogites
2364 780 2440 846 de
2471 781 2741 865 Diorpho

670 883 802 963 illo,
851 904 1034 967 quem
1080 884 1377 949 Mithram
1427 905 1459 947 e
1519 903 1666 950 saxo
1713 888 2103 968 praegnante
2167 886 2336 951 facto
2399 904 2741 968 procreasse
2813 942 2818 955 .

669 989 1029 1070 scriptoreS,
1074 990 1146 1052 ut
1178 989 1429 1066 sciums‚
1480 988 1714 1057 dicunt.
1805 988 1941 1068 Qua
1972 990 2264 1072 opinione
2308 991 2533 1056 bonum
2562 982 2742 1057 habes
2813 972 2824 985 ⁰

672 1094 1031 1157 contextum
1079 1094 1144 1157 et
1173 1092 1717 1157 continuationem
1749 1094 2040 1176 quattuor
2084 1094 2335 1160 illorum
2386 1097 2738 1178 imaginum.

670 1198 895 1262 Restat
941 1196 1341 1262 simulacrum
1400 1217 1759 1280 supremum
1823 1199 1990 1263 inter
2044 1202 2171 1264 tres
2232 1202 2485 1266 arbores
2544 1201 2739 1283 primo

672 1303 812 1368 loco
859 1303 1073 1368 solem·
1109 1322 1251 1367 cum
1300 1322 1484 1367 curru
1515 1303 1820 1369 Mithram
1871 1303 2093 1368 dextra
2138 1302 2219 1367 ad
2264 1324 2331 1368 se
2376 1303 2737 1381 trahentem,

674 1406 871 1472 altero
931 1407 1072 1473 loco
1133 1408 1342 1472 lunam
1403 1407 1798 1473 occidentem
1855 1409 2042 1490 atque
2098 1408 2388 1473 velamen
2431 1409 2740 1473 tenentem

676 1511 1047 1594 exprimens,
1144 1511 1506 1593 Cognovisti
1555 1510 1752 1594 igitur
1806 1513 2117 1593 optimum
2167 1512 2299 1575 fere
2346 1511 2737 1577 Mithriacum
2829 1524 2842 1547 ·

677 1619 757 1699 et,
786 1616 911 1681 loci
962 1616 1376 1697 dispositione
1424 1617 1490 1680 et
1534 1617 1670 1680 arte
1716 1616 2130 1696 praeclarum.

849 1773 1089 1838 Tabula
1121 1792 1277 1855 quae
1309 1772 1590 1854 sequitur
1620 1772 1798 1836 valde
1832 1773 1909 1836 ab
1941 1771 2085 1835 aliis
2121 1772 2332 1836 differt
2364 1773 2430 1835 et
2462 1769 2737 1854 imagini-

675 1879 791 1942 bus
838 1878 903 1941 et
935 1876 1390 1958 compositione
1437 1876 1595 1958 ipsa.
1687 1876 1825 1942 Hoc
1869 1893 1993 1939 uno
2037 1874 2177 1940 loco
2211 1875 2474 1939 minime
2520 1876 2738 1939 macta-
2813 1888 2826 1901 ·

676 1983 890 2047 tionen
921 1981 1148 2062 ipsam,
1182 1982 1249 2044 at
1281 1980 1454 2044 illius
1482 1981 1685 2044 cultus
1710 1979 1883 2045 vides
1907 1979 2436 2062 praeparationes,
2486 1979 2732 2045 Taurum

680 2088 848 2152 enim
882 2087 1195 2151 iacentem
1237 2085 1647 2149 circumstant
1688 2085 1810 2149 viri
1841 2085 1981 2163 duo,
2031 2084 2151 2149 duo
2194 2085 2392 2166 pueri.
2469 2084 2734 2148 Virorum

680 2212 868 2256 unum
939 2190 1266 2269 Mithram,
1344 2191 1613 2254 alterum
1673 2188 1947 2253 militem
2010 2207 2168 2267 esse,
2238 2188 2456 2269 negari
2519 2185 2742 2268 nequit,

678 2296 918 2360 Pueros
987 2296 1193 2360 autem
1257 2311 1578 2358 servorum
1643 2294 1780 2357 loco
1842 2304 1978 2357 esse
2039 2295 2232 2377 patet.
2313 2293 2482 2357 Deus
2550 2288 2735 2356 corni·
2812 2300 2824 2341 ἰ

680 2400 885 2465 culum
951 2401 1238 2465 cavatum
1305 2399 1528 2463 tenens
1596 2397 1674 2462 ab
1736 2395 1993 2462 homine
2063 2396 2172 2461 illo
2240 2384 2733 2470 commemorato,
2813 2392 2830 2480 ,ἶ

678 2505 861 2570 hasta
886 2506 1058 2571 brevi
1079 2504 1338 2582 munito,
1362 2523 1548 2569 uvam
1570 2503 1823 2585 accipit.
1862 2502 2032 2566 Servi
2053 2500 2148 2564 illi
2170 2500 2405 2582 pateris
2423 2497 2735 2580 impositos
2819 2501 2826 2510 '

681 2609 835 2675 alios
866 2611 1104 2675 fructus
1153 2628 1299 2694 prae
1331 2628 1395 2674 se
1430 2609 1655 2672 serunt.
1745 2605 2155 2672 Mactationis
2186 2604 2472 2688 gladium
2506 2601 2738 2669 coronat

680 2716 843 2779 tiara
886 2714 1242 2793 Mithriaca,
1291 2732 1448 2795 quae
1510 2712 1703 2777 radiis
1750 2712 2027 2792 effulget.
2122 2712 2216 2775 De
2275 2710 2536 2773 actione·
2566 2708 2738 2791 igitur
2813 2783 2818 2792 Ι

682 2820 773 2882 nil
819 2819 939 2884 nisi
987 2836 1144 2883 vana
1173 2817 1533 2883 coniectura
1561 2816 1754 2880 statui
1785 2816 2019 2899 potest,
2065 2816 2132 2878 at
2177 2814 2393 2878 credas
2437 2809 2737 2877 libationis

684 2924 988 3007 quaedam
1044 2942 1143 2986 res
1187 2922 1359 3006 fingi.
1452 2922 1655 3001 Supra
1713 2922 1923 2986 autem
1986 2919 2333 3000 imaginem
2395 2918 2735 2982 venatorem

681 3047 820 3092 cum
870 3027 1127 3091 canibus
1174 3026 1492 3109 depictum
1541 3025 1885 3108 cognoscis,
1934 3043 2077 3088 cum
2123 3022 2300 3087 humi
2349 3021 2596 3085 iaceant
2634 3019 2737 3082 duo
2813 3047 2820 3060 ν

682 3133 984 3196 animalia
1047 3132 1286 3196 necata.
1375 3132 1467 3195 Ea
1519 3129 1885 3212 inspicienti
1943 3128 2061 3194 hac
2120 3126 2400 3208 imagine
2459 3123 2735 3190 Mithram
2813 3177 2820 3188 .

681 3238 899 3302 beluas
944 3237 1277 3301 venantem
1338 3234 1492 3319 fingi
1553 3234 1819 3302 videtur.
1911 3233 2056 3299 Alia
2100 3231 2265 3297 enim
2315 3224 2736 3310 interpretatio

686 3341 918 3424 effigiei
946 3340 1102 3406 mihi
1137 3340 1389 3425 quidem
1415 3339 1679 3404 minime
1706 3339 2036 3421 probatum
2073 3338 2184 3402 est.
2235 3334 2590 3399 Artificium
2613 3344 2738 3395 saxo

686 3447 951 3511 incisum
1016 3466 1139 3510 non
1210 3446 1307 3510 est
1368 3445 1592 3527 optimi
1660 3444 1930 3528 generis
2021 3439 2176 3505 Cum
2238 3440 2451 3502 autem
2520 3436 2738 3518 partem

686 3569 962 3616 aversam
989 3551 1169 3614 ornet
1199 3548 1499 3631 imaginis
1524 3548 1808 3630 proxime
1835 3544 2157 3629 expositae
2174 3543 2388 3623 imago
2415 3540 2739 3613 simillima,

688 3657 935 3720 constat
980 3654 1093 3719 illa
1130 3654 1405 3719 Mithrae
1452 3653 1788 3721 simulacra
1854 3670 1929 3716 ea
1975 3667 2220 3732 quoque
2265 3646 2513 3711 ratione
2559 3641 2741 3728 posita

689 3760 1022 3838 exstitisse,
1072 3777 1193 3841 qua
1238 3758 1317 3823 ab
1376 3758 1640 3844 utraque
1683 3758 1864 3839 parte
1910 3752 2113 3818 videri
2161 3750 2437 3835 possent.
2530 3746 2739 3828 Quibus

688 3862 1031 3928 intellectis
1083 3862 1392 3927 rationem
1441 3879 1682 3945 quoque
1740 3858 2007 3925 aliorum
2056 3855 2511 3920 alienissimam
2569 3846 2741 3916 artifi-
2813 3851 2826 3866 '

688 3968 923 4033 ciorum
971 3967 1153 4033 facile
1203 3965 1714 4050 comprehendas,

862 4123 1084 4187 Multis
1128 4122 1355 4187 deinde
1399 4119 1749 4186 simulacris
1807 4120 2027 4185 ornata
2085 4118 2184 4182 est
2239 4116 2454 4197 imago
2501 4112 2742 4196 paginae

691 4227 1139 4307 nonagesimae
1182 4226 1512 4290 secundae.
1601 4226 1858 4289 Praeter
1905 4223 2075 4287 enim
2108 4221 2560 4286 mactationem
2603 4210 2747 4281 tauri
