2925 4802
192 1806 226 1859 L
270 1824 319 1928 pl.
343 1807 530 1930 m21xx11

1635 221 1720 283 92

638 431 1059 513 completam:
1089 432 1185 494 est
1244 429 1647 508 credendum,
1710 447 2001 509 saporem
2050 429 2239 512 sugit.
2332 431 2453 497 Vas
2508 432 2730 495 autem

637 532 845 617 ipsum
886 536 951 599 et
976 536 1231 616 paterae
1258 535 1322 597 et
1352 533 1693 615 amphorae
1725 550 1926 616 genus
1958 535 2234 615 praebet.
2296 535 2448 599 Prae
2492 534 2731 600 ceteris

638 642 850 704 autem
878 637 1494 704 commemorandum
1541 656 1673 703 esse
1718 639 1870 719 puto
1920 639 1985 702 et
2027 638 2182 702 solis
2203 638 2483 720 imagine
2538 658 2730 722 prae-

639 744 842 810 ditum
868 744 1190 809 hominem
1224 744 1288 808 et
1321 763 1485 822 eum,
1515 743 1621 826 qui
1654 743 1789 806 face
1818 742 2070 806 inversa
2099 743 2352 807 noctem
2377 742 2727 826 significat,

636 850 858 915 bacula
904 851 1138 915 tenere.
1241 847 1411 928 Quae
1460 865 1580 927 ree,
1631 846 1781 929 quid
1840 846 1963 910 sibi
2007 845 2184 925 velit,
2234 842 2519 911 viderint
2594 847 2727 914 alii.

634 953 929 1019 Fortasse
991 952 1262 1017 artificio
1330 971 1539 1016 rursus
1593 950 1984 1033 significatur
2044 950 2366 1016 etsolem
2425 953 2492 1016 et
2545 953 2723 1016 diem

637 1075 884 1139 semper
957 1055 1253 1139 progredi
1320 1074 1519 1138 neque
1587 1055 1995 1138 requiescere.
2099 1052 2399 1120 Intendas
2467 1074 2728 1138 quoque

638 1161 918 1224 animum
968 1158 1047 1223 ad
1092 1179 1240 1224 saxa
1286 1159 1481 1225 lineis
1513 1158 1783 1225 directis
1829 1177 2134 1240 expressa.

811 1282 907 1346 De
942 1282 1145 1346 altera
1175 1281 1453 1364 imagine
1504 1281 1597 1344 nil
1643 1281 1844 1345 habeo
1882 1279 2045 1363 quod
2096 1279 2322 1343 dicam.
2387 1280 2725 1345 Ambobus

637 1387 848 1451 autem
882 1384 1167 1449 artificiis
1215 1385 1457 1469 ectypis
1503 1384 1757 1449 additae
1804 1384 1949 1448 sunt
1986 1383 2450 1466 inscriptiones.
2530 1385 2725 1451 Atta-

636 1509 781 1567 men
828 1489 904 1553 de
952 1488 1199 1572 origine
1246 1491 1354 1553 aut
1382 1491 1670 1570 tempore
1702 1489 2164 1569 sculpturarum
2211 1488 2303 1553 nil
2352 1489 2592 1553 certius
2641 1488 2721 1552 iis

637 1593 929 1676 cognosci
977 1595 1209 1673 potest.

807 1801 955 1865 Jam
1028 1800 1307 1883 sequitur
1366 1799 1581 1863 tabula
1655 1798 2051 1881 octogesima
2127 1798 2421 1864 secunda.
2523 1798 2719 1863 Cuius

637 1907 833 1970 altera
894 1906 1105 1987 imago
1178 1905 1375 1969 multa
1452 1902 1930 1983 interpretanda
2008 1904 2288 1984 praebet.
2407 1902 2718 1984 Exceptis

638 2010 808 2074 enim
876 2010 1186 2089 omnibuS,
1250 2009 1327 2072 de
1402 2008 1624 2090 quibus
1687 2008 1878 2072 verba
1936 2005 2064 2069 iam
2127 2006 2411 2085 fecimus,
2474 2008 2716 2090 reperis

634 2112 936 2177 animalia
1000 2113 1198 2198 plura.
1289 2113 1447 2177 Sunt
1524 2112 1779 2176 autem»⁴
1813 2126 2003 2192 equus
2078 2109 2195 2173 alis
2264 2113 2519 2175 ornatus
2605 2112 2716 2174 aut

635 2235 915 2299 pegasus,
987 2217 1119 2281 avis
1179 2215 1453 2299 perdicis
1517 2215 1783 2280 formam
1849 2214 2208 2292 ostendens,
2287 2234 2444 2297 quae
2508 2216 2715 2297 spicas

636 2324 899 2404 mordet,
929 2324 1190 2401 ciconia,
1225 2325 1333 2388 bos
1357 2339 1637 2405 pascens,
1672 2339 1790 2398 sus,
1825 2337 2083 2401 serpens
2110 2338 2142 2383 e
2168 2338 2313 2384 saxo
2344 2339 2711 2403 prorepenS‚

636 2425 1059 2511 fragmentum
1095 2427 1330 2494 beluae.
1403 2427 1559 2491 Avis
1607 2426 1670 2489 et
1714 2427 1847 2503 bos,
1879 2443 2019 2488 cum
2051 2424 2286 2490 fructus
2318 2425 2524 2503 edant,
2576 2426 2712 2490 sine

635 2531 761 2596 ullo
833 2532 1020 2597 dubio
1088 2532 1449 2614 significant
1513 2533 1749 2595 terram
1820 2528 2096 2593 fertilem
2166 2546 2298 2592 esse
2355 2526 2708 2608 redditam.

636 2636 786 2702 Alia
817 2636 1120 2701 animalia
1150 2635 1475 2701 nominata
1521 2635 1601 2698 ad
1647 2633 1887 2697 cultum
1934 2633 2140 2715 ipsum
2185 2632 2515 2715 respicere,
2569 2652 2712 2696 cum

635 2740 808 2804 nullo
881 2739 1004 2803 alio
1072 2740 1211 2804 loco
1283 2758 1498 2803 eorum
1567 2736 1802 2801 similia
1869 2738 2284 2819 reperiantur,
2342 2755 2574 2819 negem
2649 2739 2711 2801 et

635 2845 907 2908 statuam
938 2843 1244 2907 artificem
1293 2842 1382 2906 eis
1431 2861 1545 2906 nos
1574 2842 1823 2906 tantum
1857 2839 2078 2906 docere
2125 2841 2470 2922 regionem,
2519 2859 2710 2922 quam

635 2947 839 3028 fingit,
898 2964 935 3008 a
994 2947 1213 3011 multis
1259 2933 1495 3011 bestiis
1537 2963 1672 3009 esse
1731 2927 2105 3009 habitatam.
2211 2944 2441 3009 Cetera
2497 2946 2707 3009 autem

634 3051 821 3116 solito
884 3051 1103 3115 ordine
1165 3051 1310 3113 sunt
1368 3049 1624 3113 tradita.
1714 3050 2166 3130 Inscriptiones
2213 3048 2481 3131 denique
2529 3048 2707 3124 duae,

637 3173 788 3237 quas
834 3154 1151 3236 sculptura
1192 3154 1333 3232 fert,
1382 3153 1473 3217 nil
1522 3153 1687 3235 quod
1749 3151 2190 3217 declarandum
2250 3153 2334 3217 sit
2378 3152 2707 3235 praebent.

636 3257 886 3322 Addere
933 3256 1124 3323 liceat
1171 3258 1508 3323 artificium
1555 3256 1837 3339 effigiem
1896 3274 2029 3322 esse
2078 3257 2462 3321 eminentem
2509 3251 2724 3321 bonae

636 3362 812 3425 artis,
2380 3369 2385 3374 '

809 3467 905 3531 De
964 3469 1163 3531 altera
1219 3466 1522 3551 imagine,
1593 3485 1735 3530 cum
1781 3466 1961 3529 valde
2031 3466 2117 3529 sit
2177 3466 2517 3542 destructa,
2584 3485 2710 3531 non

636 3572 850 3636 omnia
897 3574 1180 3637 accurate
1241 3571 1488 3636 definiri
1545 3588 1729 3653 posse
1789 3571 2100 3635 videntur.
2191 3570 2478 3633 Primum
2526 3572 2709 3635 notes

633 3693 824 3737 unum
872 3676 976 3738 hic
1005 3673 1328 3739 hominem
1375 3676 1438 3739 et
1471 3676 1671 3739 facem
1702 3675 2017 3739 inversam
2065 3677 2131 3739 et
2161 3675 2437 3739 erectam
2468 3676 2707 3741 tenere.

636 3775 800 3856 Quid
859 3776 1049 3860 igitur
1109 3776 1269 3842 alter
1327 3780 1516 3844 homo
1578 3779 1750 3843 iuxta
1807 3780 2110 3844 Mithram
2173 3782 2365 3857 stans,
2431 3779 2552 3843 nisi
2626 3780 2711 3844 sit

633 3899 847 3946 servus
894 3881 1149 3964 quidem
1193 3882 1332 3961 Dei,
1381 3883 1501 3948 sibi
1545 3884 1703 3948 velit
1748 3902 1870 3949 non
1915 3886 2181 3951 constat.
2254 3882 2454 3948 Valde
2500 3885 2712 3948 autem

636 3987 977 4051 dolendum
1055 4005 1188 4051 esse
1251 3988 1427 4066 duco,
1507 3988 1672 4069 quod
1726 3988 1853 4052 alia
1911 4006 2180 4071 persona
2221 3987 2529 4052 feminina
2588 4006 2713 4051 non

634 4091 858 4156 melius
891 4095 988 4156 est
1010 4094 1390 4157 conservata.
1437 4093 1624 4158 Nuda
1649 4092 1916 4157 enimin
1954 4091 2191 4158 caelum
2241 4109 2461 4155 manus
2504 4091 2715 4155 tendit

635 4198 700 4260 et
759 4197 951 4262 nubes
1010 4196 1189 4279 quasi
1231 4198 1428 4262 tenet.
1520 4199 1614 4262 De
1671 4199 1824 4262 luna
1880 4197 2160 4281 cogitare
2216 4195 2479 4259 minime
2535 4194 2711 4274 licet,
