2925 4802
1643 234 1724 312 10

634 455 926 547 misem,
988 457 1099 524 καὶ
1146 455 1421 544 Σελήνην
1482 458 1591 523 καὶ
1632 455 2029 545 Ἀφροδίτην
2085 459 2195 525 καὶ
2251 456 2390 545 πῦρ
2443 460 2553 525 καὶ

633 561 743 627 καὶ
809 559 1083 644 ἀνέμους
1157 563 1268 628 καὶ
1346 560 1523 650 ὕδωρ
1552 560 1620 643 ¹).
1728 563 2013 645 Longum
2103 564 2199 627 est
2282 562 2644 646 pervestiga

634 684 790 747 quae
857 663 940 728 sit
1003 662 1153 728 fides
1212 663 1548 730 tribuenda
1605 666 1694 730 eis
1750 685 1906 749 quae
1954 667 2224 749 scriptor
2271 665 2347 731 de
2382 666 2645 730 Persaru

633 768 940 852 religione
1008 770 1237 835 narrat.
1354 770 1441 834 At
1508 770 1719 834 elucet
1783 771 2176 851 Strabonem,
2248 788 2394 837 cum
2460 771 2645 854 ignor

633 872 904 939 Mithrae
975 875 1215 938 cultum
1296 874 1362 939 in
1443 877 1748 957 specubus
1815 875 2051 941 abditis
2118 875 2509 941 celebratum
2578 892 2682 942 es

634 997 832 1062 neque
923 978 1343 1044 differentiam
1438 980 1755 1063 cognitam
1828 974 2081 1045 habeat
2165 980 2332 1044 inter
2412 979 2560 1046 Sole

630 1083 953 1161 Mithram,
1030 1102 1154 1149 non
1238 1084 1391 1149 satis
1476 1083 1598 1149 Dei
1676 1083 1840 1149 Solis
1921 1082 2160 1150 cultum
2252 1084 2420 1166 apud
2492 1085 2645 1150 Pers

629 1186 1031 1255 intellexisse.

180 1367 314 1420 1112.
344 1366 534 1423 Strabo.
808 1364 968 1428 Sunt
1036 1364 1141 1446 qui
1207 1364 1429 1445 putent
1482 1363 1856 1429 Strabonem
1927 1362 2051 1427 alio
2120 1381 2358 1445 quoque
2428 1363 2563 1429 loco

631 1467 982 1533 Mithriacis
1014 1469 1289 1534 locutum
1323 1486 1478 1533 esse.
1537 1468 1702 1533 Nam
1735 1487 1989 1532 narrans
2031 1468 2418 1551 praefectum
2464 1468 2646 1551 regin

634 1572 971 1637 Armeniae
1017 1572 1246 1655 viginti
1294 1572 1473 1665 milia
1520 1591 1817 1655 equorum
1869 1591 1983 1655 per
2027 1591 2255 1637 annum
2301 1572 2439 1655 regi
2485 1560 2712 1638 Persa¹

585 1695 767 1739 ·rum
845 1677 1094 1740 misisse
1184 1677 1363 1742 addit
1427 1683 1568 1755 τοῖς
1637 1676 2084 1766 Μιθρακιίὀις
2108 1677 2180 1758 ²).
2273 1675 2445 1755 Quae
2524 1678 2675 1742 verb

632 1799 787 1845 unus
860 1771 1052 1846 codex
1127 1780 1589 1863 manuscriptus
1664 1780 1899 1859 omisit,
1970 1800 2110 1844 eum
2185 1779 2290 1843 alii
2365 1778 2754 1875 praebeant:-

631 1892 1111 1973 Μιθρακηνοῖς,
1180 1882 1648 1975 Μιθρακοὶνοις
1718 1885 1783 1949 et
1851 1885 2246 1959 coniecturae
2277 1960 2280 1963 Ἴ
2307 1883 2511 1949 factae
2582 1882 2748 1973 sinssg

631 1995 1068 2077 Μιθριακοῖς,
1127 1996 1565 2079 Μιθραϊκοῒς.
1667 1988 1832 2054 Mihi
1907 1989 2161 2071 quidem
2227 1990 2474 2053 constat
2536 1989 2788 2079 nullos·

632 2093 819 2156 modo
934 2092 1173 2158 tradita
1261 2094 1339 2157 ad
1404 2092 1673 2159 Mithrae
1772 2095 2013 2158 cultum
2096 2093 2429 2175 pertinere.
2546 2074 2750 2172 Quia?
2831 2124 2832 2129 κ

632 2197 801 2261 enim
842 2196 963 2261 sibi
995 2197 1214 2261 volunt
1242 2196 1473 2280 viginti
1519 2198 1701 2261 milia
1731 2216 2029 2280 equorum
2062 2198 2140 2262 ad
2172 2217 2350 2262 sacra
2393 2197 2507 2264 illa
2553 2178 2772 2280 quaen}
2831 2230 2832 2233 ¹

633 2301 697 2362 in
765 2300 1028 2382 spelaeis
1102 2301 1336 2365 abditis
1410 2301 1508 2365 vel
1587 2302 1934 2367 reconditis
2009 2301 2513 2384 peragebantur?
2606 2302 2714 2367 Ad

632 2424 819 2488 quam
878 2425 1010 2470 rem
1071 2407 1250 2487 putas
1308 2425 1498 2489 equos
1542 2406 1864 2472 adhibitos
1910 2425 2064 2484 esse,
2126 2425 2286 2484 cum,
2341 2408 2411 2471 ut
2456 2407 2714 2485 scimus,

629 2510 820 2575 boves
882 2511 1126 2575 tantum
1184 2510 1393 2575 cultus
1469 2512 1878 2594 perpetrandi
1943 2530 2129 2576 causa
2183 2511 2717 2576 immolarentur?
2831 2563 2832 2570 ,

632 2617 856 2679 Nonne
924 2613 1192 2697 denique
1262 2615 1481 2679 insane
1553 2631 1657 2680 eos
1735 2615 1935 2698 egisse
2007 2615 2355 2696 putandum
2426 2616 2524 2680 est
2599 2618 2714 2699 qui

629 2719 876 2786 tantam
921 2737 1222 2800 equorum
1268 2718 1335 2784 id
1381 2719 1476 2784 est
1522 2718 1884 2783 animalium
1917 2721 1996 2784 ad
2029 2717 2194 2784 bella
2219 2719 2715 2785 utilissimorum

632 2823 879 2903 copiam
953 2821 1055 2886 dei
1127 2823 1375 2887 colendi
1448 2822 1657 2906 gratia
1732 2823 2184 2890 immolarent?
2285 2823 2431 2889 Alio
2494 2824 2716 2889 autem

632 2927 818 2991 modo
866 2927 946 2990 ad
977 2926 1315 2991 Mithriaca
1360 2926 1736 2991 celebranda
1768 2946 1958 3012 equos
2006 2927 2156 3000 illos
2204 2946 2335 2992 esse
2382 2927 2714 2993 adhibitos
2831 2957 2832 2966 ¹

633 3031 766 3112 quis
826 3033 921 3096 est
987 3031 1091 3114 qui
1159 3028 1392 3096 credat.
1488 3029 1690 3112 Quam
1759 3033 1837 3097 ob
1907 3052 2037 3096 rem
2107 3033 2173 3098 et
2241 3030 2479 3110 dubito,
2550 3050 2713 3097 num
2831 3091 2832 3096 ,

632 3136 898 3217 scriptor
967 3136 1043 3200 de
1112 3135 1471 3202 Mithriacis
1540 3137 1782 3214 tradat,
1870 3138 1934 3201 et
2009 3138 2216 3212 statuo
2287 3136 2549 3202 minime
2630 3156 2715 3204 ea

630 3240 953 3323 scriptoris
1055 3241 1294 3318 nostri,
1343 3242 1532 3306 verba
1606 3241 1686 3305 ad
1776 3261 1908 3306 rem
1994 3260 2181 3324 quam
2264 3243 2713 3327 persequimur

628 3345 963 3426 pertinere.

149 3522 230 3575 lv,
277 3525 327 3590 Q,
367 3526 560 3586 Curtius
803 3501 949 3566 Jam
981 3501 1454 3585 progrediamur
1487 3503 1566 3566 ad
1612 3503 1785 3566 aliud
1829 3503 1904 3566 de
1935 3502 2170 3567 Mithra
2215 3522 2251 3566 a
2279 3502 2492 3566 Persis
2538 3502 2707 3568 culto
2741 3471 2742 3474 Ἴ

270 3594 443 3653 Rufus.
628 3605 1086 3671 testimonium.
1178 3604 1249 3684 Q.
1310 3605 1557 3670 Curtius
1620 3605 1813 3671 Rufus
1870 3607 2036 3670 enim
2096 3605 2293 3670 tradit
2348 3603 2492 3691 Ipse
2551 3606 2709 3688 (sci-

628 3708 784 3774 licet
856 3708 1121 3793 Dareus)
1204 3734 1341 3773 cum
1414 3710 1671 3773 ducibus
1740 3712 2235 3796 propinquisque
2307 3711 2561 3796 aymina
2633 3710 2708 3773 in

627 3814 827 3876 armi-s·
872 3814 1168 3877 stantium
1226 3816 1609 3896 circmnibat,
1663 3814 1866 3879 Solem
1922 3830 1977 3880 et
2022 3816 2325 3879 Illz‘thra‘m
2377 3815 2708 3899 (Mithrem

804 3987 840 4053 ¹)
876 3987 958 4041 ed.
998 3987 1060 4040 G.
1093 3987 1317 4042 Kramer
1352 3988 1435 4042 III
1476 3989 1597 4054 225,
1633 3991 1839 4041 24—28
1876 3989 1992 4058 (XV
2016 3992 2048 4042 3
2086 3988 2133 4056 ξ.
2176 3991 2237 4041 13
2267 4018 2330 4028 --
2355 3989 2451 4043 fol.
2477 3992 2520 4044 A
2566 3989 2707 4043 1064
2815 3999 2824 4012 '

626 4070 668 4127 C
704 4075 842 4138 732).
914 4073 1344 4128 Berolini1852.
1414 4077 1490 4128 8⁰.

800 4160 842 4228 ²)
879 4161 916 4214 l.
952 4176 995 4215 c.
1033 4162 1091 4215 II
1130 4163 1246 4225 497,
1282 4164 1418 4214 4-6
1456 4163 1553 4230 (ΧΙ
1595 4164 1657 4213 14
1693 4161 1740 4232 ἓ.
1779 4162 1833 4230 9)
1868 4161 1984 4232 (fol.
2023 4159 2068 4214 A
2104 4163 2205 4214 802
2244 4159 2288 4217 C
2325 4161 2465 4229 530).

625 4249 867 4303 Berolini
906 4250 1056 4304 1857.
1128 4250 1199 4302 8⁰.
