2925 4802
1109 251 1420 347 *21—

200 460 509 527 ordinem
574 460 888 542 repetens‚
946 459 1042 525 est
1102 459 1513 524 constructus.
1606 456 1778 537 Quae
1825 456 2299 532 mactationem,

198 566 609 644 libationem,
658 563 972 646 originem
1018 561 1817 645 persicam-fertilitatem,
1864 560 1933 624 id
1966 563 2063 627 est
2097 558 2303 624 cultus

203 672 530 751 naturam,
567 667 943 752 significare,
994 666 1180 731 facile
1216 686 1578 750 cognoscas,
1628 666 1857 730 Latera
1887 662 2098 730 autem
2145 664 2305 728 ima-

203 776 392 858 ginis
442 774 670 839 ornant
715 773 838 837 duo
885 771 1090 850 flores,
1140 770 1204 834 ni
1252 770 1441 836 fallor
1487 770 1627 849 1011,
1675 770 1741 833 111
1790 788 2054 852 quorum
2102 767 2302 833 altero

202 879 461 944 insidet
492 897 729 943 corvus.
808 875 1274 940 Praetereunda
1305 873 1573 957 denique
1608 889 1741 938 esse
1774 891 1935 958 nego
1970 873 2091 937 duo
2124 874 2304 938 tauro

202 980 521 1065 imposita
564 979 813 1046 vincula
860 981 926 1044 61
955 981 1181 1044 bracae
1212 977 1548 1062 peregrino
1583 980 1772 1045 modo
1805 978 1994 1043 lineis
2027 977 2306 1060 punctis-

206 1106 341 1169 que
390 1086 692 1150 intextae.
1450 1098 1453 1101 ’

396 1190 491 1253 De
549 1187 675 1252 alio
738 1187 923 1251 huius
981 1186 1255 1271 paginae
1303 1186 1641 1252 simulacro
1705 1207 1831 1252 non
1892 1187 2098 1251 multa
2158 1188 2306 1253 sunt

206 1293 506 1359 dicenda.
597 1291 861 1375 Reperis
923 1289 1221 1355 circulum
1293 1290 1593 1373 descripti
1662 1289 1935 1356 similem
1994 1308 2120 1354 non
2180 1290 2306 1356 nisi

206 1397 549 1463 arboribus
617 1396 1044 1479 altaribusque
1114 1396 1367 1460 factum.
1487 1394 1643 1458 Cum
1714 1412 1835 1479 quo
1904 1396 2306 1460 consentiunt

207 1503 469 1583 septem
537 1500 783 1579 altaria,
851 1518 1008 1582 quae
1054 1500 1222 1565 inter
1280 1499 1608 1563 hominum
1680 1500 1850 1564 diem
1919 1502 1981 1565 et
2049 1500 2303 1564 noctem

209 1605 715 1689 significantium
760 1604 952 1687 pedes
999 1604 1186 1669 stant.
1265 1602 1496 1668 Stellas
1530 1604 1797 1686 denique
1851 1604 2094 1687 septem
2141 1592 2306 1668 circa

210 1709 340 1773 Dei
389 1709 596 1791 caput,
642 1708 909 1773 fortasse
958 1708 1149 1790 spatii
1197 1708 1560 1789 complendi
1610 1726 1812 1789 causa,
1861 1709 2040 1775 fictas
2087 1709 2299 1778 1131166.

397 1915 641 1999 Pagina
698 1916 1090 1999 octogesima
1160 1918 1384 1981 ornata
1451 1918 1548 1983 est
1606 1918 1843 1983 duabus
1899 1918 2300 2002 imaginibus,

214 2040 381 2104 quae
447 2020 540 2084 nil
601 2019 1076 2086 memorabilius
1123 2020 1428 2102 praebent
1491 2021 1612 2085 nisi
1673 2022 1739 2085 in
1786 2022 1980 2106 pallia
2025 2023 2301 2090 Mithrae

211 2126 432 2189 lunam
459 2125 525 2189 et
555 2125 800 2206 septem
833 2123 1070 2202 stellas,
1098 2145 1218 2208 qua
1250 2143 1322 2190 ex
1347 2144 1413 2189 re
1446 2125 1754 2191 artificem
1779 2126 2007 2192 iterum
2041 2128 2303 2193 demon-

215 2230 421 2295 strare
459 2227 622 2292 velle
649 2227 953 2294 Mithram
990 2231 1096 2293 aut
1119 2230 1330 2294 Solem
1358 2229 1517 2294 caeli
1551 2243 1681 2294 esse
1715 2231 2043 2295 domiuum
2075 2233 2298 2298 elucet.

219 2334 520 2399 Alterum
554 2332 765 2397 autem
799 2332 1135 2397 artificium
1169 2334 1473 2401 rotundae
1522 2336 1616 2399 est
1647 2333 1888 2400 formae
1923 2334 2156 2400 duabus
2203 2337 2304 2401 in-

218 2438 675 2523 scriptionibus
701 2439 1010 2517 ornatum,
1037 2438 1213 2503 cuius
1240 2437 1442 2505 altera
1472 2440 1942 2505 restitutionem
1967 2439 2301 2507 Mithriaei

219 2544 404 2623 sacri,
452 2542 651 2606 altera
698 2561 924 2614 novam
975 2542 1502 2608 constructionem
1533 2544 1760 2627 templi
1794 2544 1916 2609 Dei
1963 2547 2300 2612 renuntiat.

220 2649 380 2714 Cum
413 2647 644 2726 autem,
693 2665 815 2728 quo
861 2647 999 2713 1060
1033 2646 1330 2712 steterint
1359 2647 1556 2727 tituli,
1605 2668 1729 2714 non
1776 2650 1927 2715 satis
1959 2651 2302 2716 habeamus

221 2752 640 2833 compertum,
674 2750 858 2832 plura
884 2752 960 2816 de
991 2751 1329 2834 sculpturis
1359 2752 2003 2838 inscriptionibusque
2037 2756 2304 2821 dicenda

220 2874 349 2921 non
397 2855 561 2921 sunt.

398 2961 474 3023 In
549 2960 817 3025 secundo
904 2958 1086 3023 huius
1171 2959 1422 3026 tabulae
1512 2962 1849 3030 simulacro
1933 2983 2152 3031 corvus
2236 2967 2302 3031 in

222 3064 510 3129 extrema
561 3064 727 3127 tauri
776 3064 970 3128 cauda
1030 3063 1264 3130 insidet
1327 3085 1441 3131 nec
1498 3086 1619 3132 non
1682 3070 1854 3133 canis
1902 3070 2008 3133 ille
2058 3069 2299 3150 collari,

222 3168 389 3250 quod
454 3165 625 3232 nullo
689 3168 816 3234 alia
861 3169 1001 3233 1060
1062 3167 1296 3247 inveni,
1366 3170 1460 3233 est
1517 3172 1795 3236 ornatus,
1890 3171 2044 3237 Cum
2092 3175 2300 3238 autem

220 3272 353 3336 sint
382 3271 775 3337 incredibilis
808 3264 1128 3337 cuiusdam
1160 3272 1605 3337 similitudinis
1652 3275 1921 3340 artificia
1966 3277 2298 3359 explicata,

223 3377 375 3460 quin
408 3378 516 3441 aut
539 3376 710 3441 idem
737 3376 960 3442 artifex
986 3379 1318 3459 utrumque
1343 3376 1583 3457 fecerit,
1620 3379 1727 3443 aut
1752 3379 2018 3445 alterum
2043 3381 2302 3446 alterius

146 3563 151 3566 ι
221 3480 416 3545 fuerit
451 3481 789 3565 exemplar,
825 3484 1086 3548 dubium
1120 3503 1243 3547 11011
1285 3485 1398 3549 661.
1472 3483 1560 3547 At
1591 3499 2081 3550 commemorare
2114 3486 2302 3551 liceat

224 3587 495 3651 alteram
543 3604 676 3651 esse
716 3586 1064 3670 imaginem
1098 3589 1406 3672 ectypam‚
1455 3587 1722 3651 alteram
1755 3587 2000 3653 statuae
2034 3588 2300 3653 formam

222 3708 376 3773 prae
422 3708 489 3754 se
535 3690 714 3756 ferre.

398 3916 887 4001 Progrediamur
946 3917 1032 3981 ad
1086 3918 1238 3982 duas
1303 3917 1638 4001 imagines,
1709 3937 1867 4002 quae
1935 3920 2298 4004 sequuntur.

222 4024 445 4089 Altera
489 4022 940 4088 mactationem
985 4023 1305 4106 peractam
1362 4024 1614 4089 tradere
1660 4022 1923 4088 videtur.
2016 4022 2300 4088 Primum

225 4128 397 4192 enim
455 4127 688 4193 frustra
746 4146 964 4193 canem
1024 4147 1302 4212 quaeraS‚
1352 4128 1458 4210 qui
1517 4130 1775 4193 vulnera
1818 4127 2093 4212 mitiget,
2162 4129 2300 4218 tum

223 4248 479 4315 serpens
543 4251 615 4297 ea
662 4251 788 4296 non
836 4232 1000 4313 petit
1043 4233 1156 4297 sed
1203 4251 1235 4296 e
1283 4233 1519 4315 patera,
1583 4251 1768 4315 quam
1817 4233 2119 4318 sanguine
2167 4247 2299 4298 esse

2373 1925 2423 1978 1,.
2439 1941 2486 1995 p.
2502 1923 2646 1980 Lxxx
2669 1927 2713 1990 1,
2733 1929 2783 1980 2.

2413 3943 2464 3996 L.
2502 3958 2547 4064 li.
2585 3942 2749 4064 {XXXI
