2925 4802
1250 302 1255 311 .
1416 231 1499 349 si

310 466 474 519 esse.
557 448 980 535 Reperiuntur
1033 448 1192 517 haec
1246 452 1416 533 apud
1464 451 1807 515 Lucianum
1853 449 1920 513 in
1964 420 2354 516 testimonio·
2397 442 2603 532 primo

312 558 383 621 et
449 557 753 635 secundo,
815 557 882 620 in
937 557 1129 621 tertio
1177 555 1591 634 Tertulliani,
1651 556 1718 619 in
1778 555 1984 636 primo
2045 550 2376 634 origenis,
2439 554 2604 636 apud

305 644 743 727 Porphyrium
790 644 857 707 in
904 642 1178 708 secundo
1229 643 1293 707 et
1345 642 1638 724 septimo,
1686 642 1752 705 in
1797 641 1908 706 illo
1939 641 2202 719 Arnobi,
2249 641 2315 704 in
2345 640 2604 704 Firmici

308 747 591 812 Materni
659 747 963 826 secundo,
1024 746 1093 811 in
1151 746 1521 831 Hieronymi
1589 745 1814 828 primo,
1914 747 2184 810 Restant
2244 745 2442 827 igitur
2484 744 2605 808 hoc

303 849 458 916 loco
526 851 968 935 investiganda
1039 852 1293 915 tantum
1357 850 1734 916 testimonia
1797 849 2124 913 Plutarchi
2200 850 2472 932 primum
2541 849 2604 912 ct

311 955 630 1037 quintum,
676 954 917 1021 Justini
950 954 1247 1038 Martyris
1291 953 1432 1032 tria,
1483 952 1860 1018 Tertulliani
1899 952 2194 1035 primum,
2243 951 2602 1029 secundum,

311 1061 631 1140 quartum.
703 1059 994 1142 Origenis
1040 1059 1400 1137 secundum,
1451 1057 1907 1137 Commodiani,
1938 1056 2253 1141 Porphyri
2306 1056 2601 1138 primum,

308 1164 604 1242 tertium,
653 1167 977 1245 quartum,
1027 1165 1307 1241 sextum,
1375 1162 1552 1226 Flavi
1601 1162 1850 1244 Vopisci
1897 1161 2190 1243 primum,
2238 1160 2602 1239 secundum,

316 1268 473 1333 Aeli
556 1268 918 1349 Lampridi,
1010 1267 1288 1344 Himeri,
1373 1265 1636 1347 Gregori
1720 1266 2044 1347 quattuor,
2128 1264 2371 1330 Juliani
2458 1265 2602 1342 tria,

305 1371 574 1435 Firmici
600 1371 873 1436 Materni
897 1370 1191 1453 primum,
1215 1371 1477 1435 tertium
1505 1372 1814 1453 quartum,
1841 1370 2214 1453 Hieronymi
2241 1369 2602 1446 secuudum,

310 1475 604 1554 tertium,
636 1476 945 1558 quartum,
977 1474 1246 1557 Eunapi,
1277 1474 1532 1538 Paulini
1562 1474 1814 1553 Nolani,
1847 1473 2128 1538 Socratis
2164 1475 2227 1537 et
2250 1473 2601 1550 sozomeni,

308 1579 576 1658 Zosimi,
627 1578 938 1647 Lactanti.

404 1712 410 1717 ’
494 1700 664 1781 Quae
711 1722 852 1767 cum
896 1693 991 1768 ita
1033 1702 1178 1780 sint,
1219 1701 1582 1786 intellegas,
1619 1720 1762 1766 cum
1807 1701 2147 1784 scriptores
2194 1699 2603 1770 ecclesiastici

310 1807 395 1872 de
483 1805 655 1871 cultu
728 1806 840 1870 illo
907 1826 1293 1890 paganorum
1360 1807 1695 1890 praecipue
1757 1806 2196 1885 disseruerint,
2262 1809 2434 1871 recte
2502 1824 2602 1869 me

309 1900 559 1993 egisse,
641 1928 781 1975 cum
853 1911 1182 1975 minimam
1247 1930 1459 1976 eorum
1541 1910 1763 1988 verbis,
1849 1930 2034 1992 quam
2110 1929 2360 1992 semper
2403 1908 2602 1991 potui,

306 2014 508 2079 fidem
570 2012 939 2078 addixerim.
1032 2013 1265 2079 Omnes
1310 2017 1520 2079 autem
1566 2014 1907 2096 scriptores
1957 2014 2225 2093 Zosim0‚
2273 2013 2603 2078 Lactantio

308 2119 617 2200 exceptiS‚
681 2119 832 2200 quin
880 2138 1021 2184 cum
1079 2118 1418 2184 Mithriaca
1479 2119 1648 2201 apud
1687 2120 2004 2184 Romanos
2056 2138 2092 2182 a
2153 2118 2400 2184 Christo
2454 2120 2604 2183 nato

305 2239 509 2304 usque
566 2222 645 2287 ad
698 2221 889 2286 finem
936 2223 1172 2287 saeculi
1233 2223 1441 2306 quarti
1487 2223 1775 2288 floruisse
1820 2242 1934 2304 pro
2003 2225 2173 2288 certo
2241 2221 2602 2301 habeamus,

308 2327 398 2390 de
432 2345 496 2390 re
529 2326 669 2409 ipsa
700 2328 764 2390 et
796 2314 1031 2409 scripta
1064 2329 1127 2391 ct
1158 2328 1552 2393 narrationes
1584 2326 1851 2392 aliorum
1880 2325 2204 2391 hominum
2238 2325 2605 2410 intellegere

307 2433 384 2495 et
433 2430 774 2496 Mithriaca
813 2432 952 2514 ipsa
996 2434 1358 2515 perpetrata
1402 2431 1614 2497 videre
1648 2431 1971 2513 potuerint
2014 2431 2269 2495 dubium
2317 2452 2442 2497 non
2489 2432 2603 2494 est.

305 2533 455 2613 Qua
495 2533 570 2597 de
602 2553 668 2598 re
706 2536 981 2617 primum
1004 2534 1480 2601 memorandum
1513 2553 1647 2601 esse
1674 2537 1828 2600 duco
1856 2536 2256 2600 Athenaeum
2289 2536 2603 2598 affirmare
2690 2538 2693 2541 ’

308 2638 626 2703 Duridem
673 2638 750 2701 de
796 2638 1068 2703 Mithrae
1117 2640 1279 2721 apud
1321 2640 1547 2704 Persas
1593 2639 1763 2704 cultu
1820 2640 2166 2720 scripsisse.
2256 2639 2603 2703 Hostanem

306 2743 531 2805 autem
579 2743 892 2823 quendam
940 2744 1018 2807 dc
1050 2744 1184 2809 Deo
1216 2743 1448 2809 Mithra
1498 2744 1867 2809 disseruisse
1915 2743 2189 2807 affirmat
2218 2742 2600 2810 Lactantius.

303 2847 514 2924 Porro
556 2844 943 2929 Porphyrius
990 2848 1237 2929 saepius
1282 2847 1567 2912 nominat
1611 2847 1926 2912 Eubulum
1975 2848 2039 2911 et
2068 2847 2445 2932 Pallantem,
2495 2845 2602 2927 qui

307 2951 399 3014 de
431 2948 784 3013 Mithriacis
830 2950 1080 3015 uberius
1112 2952 1410 3035 egissent.
1490 2950 1770 3030 Quorum
1819 2951 2086 3017 alterum
2133 2952 2309 3017 novit
2356 2969 2601 3035 quoque

305 3052 758 3137 Hieronymus,
838 3053 1022 3120 Addo
1055 3055 1348 3121 Nicetam
1391 3055 1765 3139 Gregorium
1810 3057 2040 3120 testem
2086 3074 2601 3120 commemorare.

306 3157 417 3219 De
462 3156 869 3238 scriptoribus
914 3156 1046 3233 illis
1093 3178 1294 3242 neque
1344 3159 1419 3223 de
1451 3161 1739 3241 tempore
1788 3176 1907 3240 quo
1953 3158 2228 3222 vixerint
2272 3177 2475 3241 neque
2525 3158 2600 3222 de

303 3259 483 3353 vitae
527 3259 778 3325 ratione
841 3280 1027 3344 quam
1084 3263 1427 3335 habuerint
1503 3264 1669 3328 certe
1718 3262 1846 3328 dici
1910 3280 2090 3345 posse
2154 3261 2601 3326 intelleximus.

305 3362 517 3442 Quam
564 3363 643 3427 ob
689 3382 824 3427 rem
868 3364 998 3428 iam
1045 3365 1124 3429 ad
1167 3386 1265 3431 res
1308 3366 1481 3447 ipsas
1523 3366 1793 3430 traditas
1823 3366 2303 3447 perscrutandas
2343 3383 2604 3447 progre-

306 3466 583 3532 diamur.
1386 3469 1388 3471 ’

490 3570 778 3634 Primum
827 3571 1102 3653 quidem,
1168 3592 1308 3637 cum
1353 3573 1730 3658 Hieronymi
1791 3573 1866 3637 de
1912 3573 2207 3655 genitura
2264 3572 2364 3637 dei
2410 3575 2603 3639 verba

304 3672 588 3740 tacenda
674 3690 807 3739 esse
882 3677 1099 3757 putem
1191 3679 1255 3741 et
1328 3677 1562 3741 nullius
1648 3678 1837 3761 pretii
1924 3695 2059 3742 esse
2148 3678 2370 3742 ducam
2447 3697 2602 3761 quae

299 3777 691 3858 Plutarchus
740 3780 816 3844 de
862 3780 996 3845 filio
1061 3800 1098 3844 a
1140 3781 1275 3846 Deo
1324 3784 1537 3847 creato
1586 3802 1618 3846 6
1664 3802 1811 3847 saxo
1860 3783 2149 3865 Diorpho
2195 3784 2427 3861 tradit,
2474 3782 2602 3845 iam

303 3884 396 3947 de
419 3881 664 3965 origine
691 3883 810 3946 Dei
836 3883 1147 3949 habemus
1163 3886 1531 3951 testimonia
1553 3885 1987 3969 intellegenda
2011 3884 2199 3950 haec:
2224 3887 2601 3953 Plutarchus

302 3986 492 4051 enim
553 3988 755 4051 tradit
798 3989 1098 4053 Romanis
1164 3989 1402 4053 cultum
1448 3988 1632 4054 illum
1679 4009 1715 4053 a
1760 3990 1984 4073 piratis
2045 3991 2408 4070 innotuisse,
2460 4011 2600 4056 cum

297 4091 683 4155 Lactantius
717 4090 989 4157 affirmet
1019 4091 1301 4177 Phryges
1337 4113 1373 4157 a
1402 4093 1632 4172 Persis,
1664 4096 1979 4159 Romanos
2025 4115 2062 4159 a
2091 4094 2446 4178 Phrygibus
2484 4096 2602 4161 Dei

295 4194 544 4261 Invicti
589 4196 1058 4261 venerationem
1119 4196 1430 4263 didicisse.
1524 4197 1745 4262 Fidem
1806 4200 2016 4264 autem
2072 4198 2477 4266 attribuimus
2541 4204 2604 4267 et

2225 4321 2290 4372 5*
