2925 4802
177 1707 225 1762 L.
266 1726 310 1778 p.
351 1708 548 1765 LXXXV.

150 3866 199 3920 1,.
249 3885 295 3936 p.
340 3864 562 3923 Lxxxv1.

1522 279 1833 376 —QL

813 491 886 553 Iu
947 486 1212 553 alteram
1277 505 1523 569 quoque
1587 485 1933 569 imaginem
1994 486 2349 551 accuratius
2407 487 2733 570 inquirere

637 611 891 671 necesse
949 594 1064 657 est.
1170 591 1454 656 Primum
1515 590 1682 655 enim
1742 591 2005 674 apparet
2061 592 2415 673 serpentem
2474 591 2733 657 hostem

639 716 769 764 esse
815 697 1107 775 Mithrae,
1172 716 1311 760 611111
1356 696 1452 760 166
1500 714 1640 759 6616
1688 696 2110 778 aggrediatur.
2182 695 2344 759 Tum
2399 695 2733 760 lucernam

638 820 964 866 accensam
1011 801 1076 863 et
1121 817 1157 861 a
1207 800 1371 863 tecto
1433 799 1813 881 pendentem
1861 797 2051 865 vides.
2145 797 2280 877 Qua
2335 799 2468 863 31116
2538 798 2733 863 dubio

639 905 1029 987 significatur
1052 905 1216 966 11666
1235 903 1739 968 immolationem
1771 902 1900 967 sive
1933 903 2166 966 cultum
2202 903 2410 984 ipsum
2440 902 2508 966 in
2546 904 2732 966 antro

638 1012 798 1073 atro.
825 1024 959 1073 esse
993 1008 1439 1088 perpetratum.
1513 1007 1608 1069 De
1639 1006 1942 1071 altaribus
1974 1008 2184 1071 autem
2217 1007 2395 1089 plura
2424 1025 2554 1071 non
2590 1008 2736 1069 36111

640 1110 923 1176 dicenda.
994 1108 1234 1174 Lunam
1283 1109 1556 1192 denique
1588 1111 1812 1174 baculo
1843 1117 2132 1175 ornatam
2181 1112 2391 1191 habes,
2437 1110 2514 1174 de
2553 1110 2733 1174 611163

586 1220 591 1223 ’
638 1234 820 1279 66636
868 1218 974 1278 661
1019 1216 1241 1278 natura
1286 1213 1378 1277 nil
1426 1213 1660 1279 certius
1707 1213 1868 1277 mihi
1917 1214 1984 1277 in
2030 1215 2310 1285 mentem
2358 1213 2551 1293 venit,
2605 1214 2732 1278 nisi

640 1339 714 1384 ea
759 1319 1060 1383 adhibere
1106 1318 1282 1395 velis,
1340 1337 1494 1400 6666
1544 1318 1618 1382 de
1668 1318 1802 1384 Soli
1849 1317 1969 1383 hoc
2015 1317 2429 1420 instrumento
2475 1306 2733 1383 munito

639 1442 776 1487 sum
822 1422 1088 1488 locutus.

811 1700 1029 1785 Magni
1075 1699 1381 1764 momenti
1434 1702 1534 1764 est
1578 1718 1734 1782 quae
1782 1699 2067 1782 sequitur
2108 1700 2339 1766 tabula.
2431 1700 2728 1763 Primum

641 1806 1047 1871 simulacrum
1093 1806 1226 1868 eius
1257 1804 1771 1885 investigandum
1818 1805 2140 1871 habemus,
2213 1805 2312 1869 Ab
2361 1805 2505 1868 aliis
2554 1805 2727 1869 enim

640 1929 709 1975 eo
757 1909 986 1987 differt,
1059 1910 1220 1990 quod
1288 1909 1576 1982 homines
1644 1908 1742 1973 illi
1812 1928 1949 1974 6616
1998 1909 2237 1975 facibus
2283 1910 2349 1973 in
2393 1913 2728 1975 taurorum

639 2014 948 2098 capitibus
995 2014 1314 2081 insistunt,
1387 2014 1546 2078 Tum
1595 2034 1707 2096 pro
1754 2014 1902 2079 luna
1945 2016 2189 2079 invenis
2234 2014 2496 2079 tertium
2542 2014 2728 2079 bovis

639 2123 840 2202 caput.
934 2119 1175 2183 Tamen
1222 2118 1461 2183 alienus
1523 2139 1659 2185 sum
1721 2105 1798 2185 ab
1860 2120 2004 2199 illis,
2069 2119 2175 2204 qui
2222 2117 2485 2183 credunt
2537 2120 2727 2183 tauro

636 2224 775 2305 ipso
837 2223 1116 2286 mactato
1164 2224 1378 2287 lunam
1439 2240 1575 2287 esse
1632 2222 1867 2302 fictam,
1933 2242 2072 2288 cum
2137 2223 2354 2302 multa,
2419 2242 2583 2305 quae
2651 2222 2726 2286 de

609 2327 859 2390 matura
921 2325 1085 2390 tauri
1134 2322 1458 2390 Mithriaci
1509 2329 1821 2407 constant,
1883 2328 2149 2390 minime
2213 2328 2329 2391 hac
2385 2346 2525 2391 cum
2588 2346 2726 2390 seu·

634 2432 840 2495 tentia
873 2432 1222 2496 consentire
1254 2431 1608 2496 videantur.
1674 2431 1826 2511 Quis
1873 2434 2082 2498 autem
2130 2434 2244 2511 631,
2294 2432 2399 2514 661
2433 2433 2722 2509 16116161,

638 2537 804 2617 quod
864 2556 975 2619 pro
1032 2537 1150 2600 dea
1206 2536 1345 2619 ipsa
1392 2538 1675 2601 36661616
1740 2536 1872 2601 61113
1921 2536 2155 2601 animal
2219 2539 2314 2600 est
2359 2535 2721 2618 figuratum.

634 2640 873 2711 Μ66116
940 2659 1179 2723 666666
1246 2641 1539 2707 facienda
1587 2644 1682 2706 631
1746 2642 2077 2706 1166116616
2140 2639 2547 2724 quorundam,
2618 2639 2722 2722 661

636 2744 788 2807 36113
835 2747 900 2807 61
942 2746 1105 2808 16611
1140 2746 1345 2828 capita
1378 2745 1751 2830 adspiciunt.
1824 2747 1919 2810 De
1968 2747 2140 2811 cuius
2186 2745 2278 2810 rei
2325 2745 2583 2809 notione
2636 2744 2726 2810 nil

636 2847 892 2913 dubium
954 2850 1068 2913 est.
1157 2851 1425 2915 Restant
1485 2852 1773 2933 graviora
1844 2851 1919 2915 de
1981 2850 2260 2932 imagine
2325 2847 2716 2931 exponenda.

635 2953 789 3019 Cum
852 2954 1019 3026 enim
1080 2954 1364 3036 depictus
1423 2953 1510 3019 311
1577 2955 1779 3038 paries
1846 2956 2019 3020 totus
2082 2952 2315 3037 spelaei
2370 2952 2717 3031 Mithriaci,

634 3058 870 3141 reperis
903 3077 1199 3122 cavernas
1232 3059 1454 3142 quibus
1489 3060 1781 3141 cognosci
1830 3059 2060 3142 potest,
2111 3078 2230 3140 quo
2278 3058 2416 3121 loco
2467 3075 2716 3140 quaque

633 3162 875 3227 ratione
923 3163 1220 3227 exstructi
1271 3163 1435 3227 muri
1483 3162 1580 3226 illi
1627 3164 1878 3242 fuerint,
1927 3162 2147 3245 quibus
2187 3160 2717 3227 sanctissisimum

633 3268 1034 3351 segregatum
1079 3268 1213 3331 erat
1258 3266 1334 3331 ab
1383 3266 1526 3331 aliis
1558 3285 1781 3350 specus
1828 3267 2137 3349 partibus.
2228 3267 2324 3331 De
2377 3251 2719 3332 =construe--

631 3371 806 3436 tione
864 3372 1074 3435 autem
1139 3372 1275 3453 ipsa
1341 3372 1568 3453 templi
1631 3394 1701 3439 ex
1762 3373 2039 3455 imagine
2098 3374 2314 3438 nostra
2360 3370 2543 3454 plura
2589 3391 2716 3437 nou

632 3475 870 3557 patent.
965 3475 1371 3558 Sculpturam
1441 3479 1728 3562 ectypam
1796 3495 1946 3554 saxo
2017 3476 2315 3543 insertam
2385 3476 2575 3541 fuisse
2650 3494 2717 3540 re

632 3578 772 3662 ipsa
818 3598 1178 3662 cognoscas,
1790 3565 1794 3576 ⁸

804 3838 1336 3904 Praetereundum
1369 3842 1468 3904 est
1498 3840 1921 3921 simulacrum,
1970 3840 2067 3906 cni
2109 3842 2714 3911 nuncoccurrimus.

633 3944 788 4008 Cum
839 3945 1007 4007 enim
1054 3944 1145 4007 nil
1178 3945 1477 4024 praebeat
1509 3945 1631 4012 nisi
1661 3946 2004 4026 pessimam
2040 3945 2386 4030 imaginem
2434 3946 2715 4027 artificii,

634 4048 799 4130 quod
830 4066 990 4112 nunc
1021 4050 1437 4128 exposuimus,
1486 4049 1668 4131 plura
1714 4049 1789 4113 de
1837 4068 1910 4115 eo
1944 4049 2208 4115 dicenda
2240 4070 2387 4132 esse,
2436 4051 2577 4133 quis
2622 4055 2719 4118 631

634 4153 784 4236 6616
832 4154 1034 4234 neget.
1096 4154 1313 4218 Paries
1363 4156 1574 4219 autem
1622 4173 1908 4219 saxorum
1957 4156 2061 4220 hic
2105 4156 2404 4222 nonnulla
2446 4157 2719 4239 praebet

634 4258 815 4340 signa
858 4276 966 4322 seu
1010 4257 1278 4339 11116163,
1326 4278 1584 4341 66611116
1630 4278 1825 4343 genus
1870 4259 2160 4341 equidem
2216 4279 2340 4325 non
2383 4260 2717 4346 intellego,
