2925 4802
1237 335 1319 399 45

221 543 556 628 ‚qentilium
580 541 855 628 fabulae
888 543 1194 606 Mithram
1236 556 1292 606 et
1322 541 1819 621 fflaehthonz‘um,
1867 544 1964 608 vel
1989 545 2057 607 in
2088 543 2320 630 lapide,

227 648 335 710 vel
399 649 467 710 ’ίη
533 661 722 728 terra,
792 647 865 710 dc
931 648 1058 711 solo
1114 660 1289 710 aestu
1358 645 1641 710 libidinis
1709 671 1836 710 esse
1896 662 2219 734 yeneratos
2253 648 2322 725 1).

228 749 477 829 Quibus
510 751 717 816 verbis
740 752 1019 816 similem
1051 750 1434 816 sententiam
1471 750 1770 833 exprimit
1800 751 2067 834 scriptor
2093 770 2323 830 earum,

232 873 397 937 quas
461 853 948 920 Commodianus
996 859 1061 919 ct
1104 855 1412 920 Firmicus
1457 855 1812 933 Maternus,
1859 857 1933 920 ut
1981 856 2322 934 docuimus,

232 962 681 1041 exposuerunt.
718 959 819 1024 Ad
843 979 976 1024 rem
1011 977 1046 1023 a
1069 960 1253 1025 nobis
1285 961 1717 1038 enarrandam,
1754 960 1819 1024 id
1852 962 1949 1025 cst
1981 959 2056 1024 ad
2087 960 2322 1023 cultum

230 1061 453 1144 ipsum
509 1064 969 1143 Romanorum,
1038 1064 1129 1128 nil
1184 1063 1331 1128 novi
1377 1062 1477 1128 his
1522 1063 1727 1130 verbis
1772 1063 1985 1128 afferri
2048 1065 2184 1149 quis
2232 1065 2327 1128 est

234 1167 350 1249 qui
397 1169 607 1250 neget.

415 1358 638 1423 Altero
694 1358 834 1424 loco
896 1358 1048 1422 libri
1104 1357 1398 1449 adv-ersus
1456 1358 1885 1439 Jovinianum‚
1934 1375 2056 1440 quo
2102 1357 2327 1423 Hiero-

236 1482 468 1546 nymus
530 1462 607 1527 de
680 1462 926 1535 ,Mithra
1006 1463 1313 1545 quaedam
1382 1464 1601 1542 tradit,
1664 1463 2063 1544 reperiuntur
2136 1465 2327 1528 verba

237 1565 536 1651 Eubulus
581 1589 835 1652 quoque,
883 1567 998 1651 qui
1046 1567 1370 1630 historiam
1417 1567 1693 1630 Mithrae
1737 1567 1949 1630 multis
2003 1567 2326 1630 volumini-

236 1671 360 1732 bus
419 1671 737 1755 eoeplz'cuz't,
798 1684 1025 1733 narrat
1043 1670 1115 1752 2).
1219 1669 1392 1749 Quae
1457 1689 1599 1734 cum
1668 1670 1760 1735 ita
1820 1671 1965 1749 sint,
2012 1671 2326 1736 incertum

143 1810 150 1816 ·
240 1792 382 1838 esse
425 1776 598 1857 puto,
647 1774 857 1838 utrum
902 1773 1175 1855 scriptor
1235 1775 1371 1858 ipse
1416 1775 1646 1840 Eubuli
1710 1775 1904 1840 libros
1951 1795 2029 1839 an
2075 1777 2325 1840 tantum

241 1896 316 1943 ex
361 1877 713 1962 Porphyrio
760 1878 867 1942 aut
915 1898 987 1942 ex
1035 1878 1180 1943 aliis
1227 1879 1408 1944 libris
1457 1898 1687 1944 nomen
1748 1879 1921 1944 illius
1970 1897 2043 1943 ac
2090 1880 2325 1960 scripta

240 1982 634 2063 cognoverit.
679 1981 963 2045 Primum
1011 1980 1262 2066 quidem
1293 1985 1478 2066 putes
1513 1983 1715 2048 verbis
1749 2003 1903 2067 quae
1936 1985 2081 2048 sunt
2111 1982 2324 2045 multis

165 2093 179 2103 ‘
238 2085 658 2149 voluminibus
718 2088 932 2168 patere
990 2085 1444 2172 Hieronymum
1501 2088 1733 2152 Eubuli
1802 2089 1995 2152 libros
2066 2087 2321 2164 vidisse,

244 2208 388 2253 cum
481 2190 695 2254 autem
769 2189 1156 2274 Porphyrius
1232 2193 1455 2256 narret
1520 2203 1641 2260 τοῦ
1715 2194 1955 2283 Μίθρα
2033 2192 2324 2283 ἱστορίαν

240 2293 309 2359 ἐν
352 2295 625 2374 πολλοῖς
666 2295 951 2379 βιβλίοις
987 2296 1376 2388 ἀναγράψας
1419 2316 1456 2360 a
1502 2297 1769 2362 veritate
1817 2317 1960 2363 non*
1986 2298 2322 2362 abhorrere

240 2397 513 2478 videtur,
537 2398 911 2481 scriptorem
957 2418 1030 2465 ea
1071 2401 1265 2465 verba
1293 2400 1359 2464 in
1391 2401 1660 2467 latinum
1692 2422 2045 2468 sermonem
2075 2404 2321 2467 tantum

239 2503 524 2568 vertisse.
591 2503 863 2569 Accedit
906 2507 976 2569 ut
1005 2503 1388 2590 Porphyrius
1435 2525 1676 2590 quoque
1723 2509 1937 2572 narret
1982 2511 2362 2594 διηγοῦντο.

239 2608 314 2674 δὲ
361 2605 545 2673 οὗτοι
589 2604 688 2687 εἷς
731 2608 873 2695 γένη
918 2609 1088 2699 τρία,
1135 2608 1230 2688 ὥς
1276 2633 1440 2699 φησι
1474 2606 1809 2695 Εὔβουλος
1856 2610 2021 2699 ὅπερ
2064 2611 2183 2697 τήν
2203 2614 2322 2675 τοῦ

238 2710 508 2799 Μίθρα.
600 2709 798 2789 Quam
864 2713 944 2777 ob
1004 2731 1138 2777 rem
1205 2732 1322 2796 ego
1386 2714 1639 2796 quidem
1686 2733 2053 2796 persuasum
2117 2712 2320 2777 habeo

235 2812 698 2898 Hieronymum
761 2834 962 2899 neque
1035 2817 1356 2881 Eubulum
1413 2818 1620 2899 ipsum
1688 2818 2050 2901 cognovisse
2121 2835 2319 2900 neque

238 2915 364 2982 alio
426 2919 588 2983 teste
640 2936 823 2984 usum
894 2939 1026 2985 esse
1089 2921 1200 2985 sed
1263 2920 1384 2986 hoc
1447 2920 1588 2987 loco
1646 2921 2067 3007 Porphyrium
2130 2920 2319 2986 modo

234 3023 604 3104 inspexisse.
681 3023 1316 3089 Commemorandum
1352 3042 1592 3109 quoque
1626 3029 1723 3091 est
1755 3046 1829 3090 ea
1862 3044 2019 3110 quae
2053 3043 2322 3107 sequun-

232 3129 338 3191 tur
386 3128 579 3191 verba
634 3127 870 3192 tradita
929 3129 1007 3192 ab
1053 3128 1440 3213 Hieronymo
1503 3130 1689 3210 plane
1752 3124 2105 3195 consentire
2173 3147 2314 3192 cum
2376 3164 2383 3172 -

136 3299 151 3304 Η
233 3229 335 3310 iis,
385 3248 543 3313 quae
591 3232 878 3313 exposuit
918 3232 1323 3317 Porphyrius

406 3422 701 3486 Notanda
746 3421 940 3486 etiam
987 3422 1134 3487 sunt
1176 3420 1365 3487 verba
1409 3422 1681 3505 Eunapii
1726 3423 1867 3507 ἅμα
1911 3451 1981 3491 τε
2026 3426 2148 3515 γάρ
2176 3426 2208 3490 ὁ
2248 3423 2319 3491 ἐκ

245 3532 553 3618 Θεοπιῶν
607 3524 855 3612 ’ἐγένετο
900 3517 1122 3617 πατὴρ
1191 3527 1277 3594 ὢν
1330 3534 1448 3616 τῆς
1511 3534 1903 3618 Μιθριακῆς
1959 3530 2217 3616 τελετῆς
2239 3526 2315 3612 3).

376 3712 414 3783 ¹)
449 3715 530 3769 ed.
555 3715 623 3771 D.
652 3715 900 3780 Vallarsi,
939 3715 1021 3770 ed.
1066 3715 1160 3770 alt.
1210 3716 1267 3770 H
1291 3717 1308 3748 ¹
1344 3717 1446 3769 246
1484 3718 1529 3770 Ε
1556 3746 1624 3756 --
1649 3719 1751 3769 247
1777 3716 1824 3770 Α
1862 3718 1910 3782 (I
1935 3717 2003 3784 7).
2075 3716 2319 3771 Venetiis

299 3800 334 3851 6
374 3841 385 3853 .
457 3802 497 3856 ⁰.

231 3804 297 3854 17
337 3802 530 3953 7²)4ed.
564 3886 633 3941 D.
659 3887 905 3954 vallarsi‚
941 3888 1022 3942 ed.
1062 3889 1154 3944 alt.
1194 3888 1274 3942 11¹
1310 3890 1411 3942 343
1433 3891 1484 3944 D
1511 3917 1579 3929 —
1602 3891 1705 3942 344
1732 3889 1780 3944 A
1815 3890 1894 3958 (H
1934 3891 2038 3958 14).
2073 3881 2317 3945 venetiis

229 3974 385 4026 1767.
422 3974 495 4029 4⁰.

365 4060 407 4128 ³)
447 4061 528 4117 ed.
555 4062 602 4115 J.
627 4062 686 4120 F.
716 4062 1045 4118 Boissonade
1080 4065 1203 4129 476,
1239 4066 1375 4116 4-6
1413 4064 1665 4133 (93-95)
1700 4064 1967 4134 (52—54).
2016 4065 2316 4121 Philostra-

220 4152 400 4203 torum
437 4151 493 4202 et
530 4147 829 4205 callistrati
863 4166 1023 4220 opera
1060 4167 1161 4205 rec.
1202 4150 1266 4205 A.
1305 4150 1691 4206 Westermann.
1767 4153 1998 4222 Eunapii
2033 4154 2125 4207 vit.
2164 4150 2316 4221 soph.

221 4235 419 4289 iterum
456 4234 537 4288 ed.
575 4234 623 4289 I.
658 4235 720 4290 F.
754 4236 1099 4291 Boissonade.
1172 4237 1397 4291 Himerii
1435 4237 1716 4309 Sophistae
1754 4238 2175 4294 declamationes
2210 4254 2314 4291 em.

217 4321 284 4377 F.
318 4321 554 4379 Diibner.
593 4323 813 4378 Parisiis
850 4326 1001 4379 1849.
1064 4326 1139 4381 4⁰.

2394 1366 2524 1422 XXVI
2559 1370 2607 1422 4.
2637 1367 2807 1421 Hiero-

2511 1454 2701 1508 nymus.

2399 3433 2582 3515 XXVII..
2607 3435 2766 3488 Euna-

2538 3522 2662 3574 pius.
