<?xml version="1.0" encoding="UTF-8"?>
<!DOCTYPE html PUBLIC "-//W3C//DTD XHTML 1.0 Transitional//EN"
    "http://www.w3.org/TR/xhtml1/DTD/xhtml1-transitional.dtd">
<html xmlns="http://www.w3.org/1999/xhtml" xml:lang="en" lang="en">
 <head>
  <title>
</title>
<meta http-equiv="Content-Type" content="text/html;charset=utf-8" />
  <meta name='ocr-system' content='tesseract 3.04.00' />
  <meta name='ocr-capabilities' content='ocr_page ocr_carea ocr_par ocr_line ocrx_word'/>
</head>
<body>
  <div class='ocr_page' id='page_1' title='image "./demithraedeisol00fabrgoog_0020.png"; bbox 0 0 2925 4802; ppageno 0'>
   <div class='ocr_carea' id='block_1_1' title="bbox 231 867 570 1006">
    <p class='ocr_par' dir='ltr' id='par_1_1' title="bbox 231 867 570 1006">
     <span class='ocr_line' id='line_1_1' title="bbox 285 867 537 931; baseline -0.008 -10"><span class='ocrx_word' id='word_1_1' title='bbox 285 867 365 921; x_wconf 89' lang='lat' dir='ltr'><strong>vll</strong></span> <span class='ocrx_word' id='word_1_2' title='bbox 406 870 450 931; x_wconf 91' lang='lat' dir='ltr'><strong>l,</strong></span> <span class='ocrx_word' id='word_1_3' title='bbox 487 871 537 919; x_wconf 82' lang='lat'><strong>2.</strong></span> 
     </span>
     <span class='ocr_line' id='line_1_2' title="bbox 231 936 570 1006; baseline 0 -17"><span class='ocrx_word' id='word_1_4' title='bbox 231 936 281 989; x_wconf 88' lang='lat' dir='ltr'><strong>L.</strong></span> <span class='ocrx_word' id='word_1_5' title='bbox 321 936 570 1006; x_wconf 77' lang='lat' dir='ltr'><strong>Apuleius,</strong></span> 
     </span>
    </p>
   </div>
   <div class='ocr_carea' id='block_1_2' title="bbox 678 270 2770 771">
    <p class='ocr_par' dir='ltr' id='par_1_2' title="bbox 678 270 2770 771">
     <span class='ocr_line' id='line_1_3' title="bbox 1562 270 1871 365; baseline -0.003 0"><span class='ocrx_word' id='word_1_6' title='bbox 1562 270 1871 365; x_wconf 43' lang='lat' dir='ltr'><strong>wlff-</strong></span> 
     </span>
     <span class='ocr_line' id='line_1_4' title="bbox 680 475 2768 560; baseline 0 -18"><span class='ocrx_word' id='word_1_7' title='bbox 680 478 980 542; x_wconf 80' lang='lat' dir='ltr'>credibile</span> <span class='ocrx_word' id='word_1_8' title='bbox 1048 479 1145 542; x_wconf 88' lang='lat' dir='ltr'><strong>est</strong></span> <span class='ocrx_word' id='word_1_9' title='bbox 1221 476 1633 541; x_wconf 75' lang='lat' dir='ltr'>Plutarchum</span> <span class='ocrx_word' id='word_1_10' title='bbox 1694 476 2049 560; x_wconf 87' lang='lat' dir='ltr'><strong>genituram</strong></span> <span class='ocrx_word' id='word_1_11' title='bbox 2111 475 2228 540; x_wconf 88' lang='lat' dir='ltr'><strong>filii</strong></span> <span class='ocrx_word' id='word_1_12' title='bbox 2275 477 2549 542; x_wconf 87' lang='lat' dir='ltr'><strong>Mithrae</strong></span> <span class='ocrx_word' id='word_1_13' title='bbox 2612 497 2768 543; x_wconf 88' lang='lat' dir='ltr'><strong>cum</strong></span> 
     </span>
     <span class='ocr_line' id='line_1_5' title="bbox 679 580 2770 666; baseline 0 -20"><span class='ocrx_word' id='word_1_14' title='bbox 679 582 971 666; x_wconf 89' lang='lat' dir='ltr'><strong>genitura</strong></span> <span class='ocrx_word' id='word_1_15' title='bbox 1000 582 1119 646; x_wconf 89' lang='lat' dir='ltr'><strong>Dei</strong></span> <span class='ocrx_word' id='word_1_16' title='bbox 1163 582 1379 664; x_wconf 86' lang='lat' dir='ltr'><strong>ipsius,</strong></span> <span class='ocrx_word' id='word_1_17' title='bbox 1429 599 1586 664; x_wconf 91' lang='lat' dir='ltr'><strong>quae</strong></span> <span class='ocrx_word' id='word_1_18' title='bbox 1635 600 1707 646; x_wconf 84' lang='lat' dir='ltr'><strong>ex</strong></span> <span class='ocrx_word' id='word_1_19' title='bbox 1753 581 1897 645; x_wconf 87' lang='lat' dir='ltr'><strong>aliis</strong></span> <span class='ocrx_word' id='word_1_20' title='bbox 1943 580 2321 663; x_wconf 88' lang='lat' dir='ltr'><strong>scriptorum</strong></span> <span class='ocrx_word' id='word_1_21' title='bbox 2365 582 2770 647; x_wconf 73' lang='lat' dir='ltr'><strong>testimoniis</strong></span> 
     </span>
     <span class='ocr_line' id='line_1_6' title="bbox 678 684 1669 771; baseline 0 -19"><span class='ocrx_word' id='word_1_22' title='bbox 678 687 968 771; x_wconf 77' lang='lat' dir='ltr'><strong>intellegi</strong></span> <span class='ocrx_word' id='word_1_23' title='bbox 1012 688 1244 771; x_wconf 82' lang='lat' dir='ltr'><strong>potest,</strong></span> <span class='ocrx_word' id='word_1_24' title='bbox 1295 684 1669 752; x_wconf 85' lang='lat' dir='ltr'><strong>confudisse.</strong></span> 
     </span>
    </p>
   </div>
   <div class='ocr_carea' id='block_1_3' title="bbox 674 857 2768 1671">
    <p class='ocr_par' dir='ltr' id='par_1_3' title="bbox 674 857 2768 1671">
     <span class='ocr_line' id='line_1_7' title="bbox 849 857 2768 943; baseline -0.001 -18"><span class='ocrx_word' id='word_1_25' title='bbox 849 862 910 925; x_wconf 89' lang='lat' dir='ltr'>N</span> <span class='ocrx_word' id='word_1_26' title='bbox 915 861 1089 924; x_wconf 92' lang='lat' dir='ltr'><strong>otatu</strong></span> <span class='ocrx_word' id='word_1_27' title='bbox 1137 860 1331 942; x_wconf 87' lang='lat' dir='ltr'><strong>digna</strong></span> <span class='ocrx_word' id='word_1_28' title='bbox 1377 877 1624 943; x_wconf 89' lang='lat' dir='ltr'><strong>quoque</strong></span> <span class='ocrx_word' id='word_1_29' title='bbox 1658 860 1802 923; x_wconf 91' lang='lat' dir='ltr'><strong>sunt</strong></span> <span class='ocrx_word' id='word_1_30' title='bbox 1832 858 2023 922; x_wconf 81' lang='lat' dir='ltr'><strong>verba</strong></span> <span class='ocrx_word' id='word_1_31' title='bbox 2054 858 2287 941; x_wconf 82' lang='lat' dir='ltr'><strong>Apulei</strong></span> <span class='ocrx_word' id='word_1_32' title='bbox 2318 857 2768 924; x_wconf 86' lang='lat' dir='ltr'><strong>Madaurensis</strong></span> 
     </span>
     <span class='ocr_line' id='line_1_8' title="bbox 677 961 2765 1047; baseline 0.001 -20"><span class='ocrx_word' id='word_1_33' title='bbox 677 965 745 1028; x_wconf 92' lang='lat' dir='ltr'><strong>in</strong></span> <span class='ocrx_word' id='word_1_34' title='bbox 808 963 955 1029; x_wconf 89' lang='lat' dir='ltr'><strong>libri</strong></span> <span class='ocrx_word' id='word_1_35' title='bbox 1020 965 1620 1047; x_wconf 89' lang='lat' dir='ltr'><strong>Metamorphoseon</strong></span> <span class='ocrx_word' id='word_1_36' title='bbox 1690 963 1899 1044; x_wconf 88' lang='lat' dir='ltr'><strong>capite</strong></span> <span class='ocrx_word' id='word_1_37' title='bbox 1965 961 2268 1027; x_wconf 86' lang='lat' dir='ltr'><strong>vicesimo</strong></span> <span class='ocrx_word' id='word_1_38' title='bbox 2330 963 2396 1031; x_wconf 86' lang='lat' dir='ltr'><strong>et</strong></span> <span class='ocrx_word' id='word_1_39' title='bbox 2450 962 2765 1029; x_wconf 88' lang='lat' dir='ltr'><strong>vicesimo</strong></span> 
     </span>
     <span class='ocr_line' id='line_1_9' title="bbox 680 1066 2765 1152; baseline 0.001 -23"><span class='ocrx_word' id='word_1_40' title='bbox 680 1068 917 1150; x_wconf 88' lang='lat' dir='ltr'><strong>quint0.</strong></span> <span class='ocrx_word' id='word_1_41' title='bbox 1009 1066 1398 1152; x_wconf 83' lang='lat' dir='ltr'><strong>Quamquam</strong></span> <span class='ocrx_word' id='word_1_42' title='bbox 1468 1067 1637 1132; x_wconf 90' lang='lat' dir='ltr'><strong>enim</strong></span> <span class='ocrx_word' id='word_1_43' title='bbox 1704 1067 1948 1131; x_wconf 87' lang='lat' dir='ltr'><strong>tantum</strong></span> <span class='ocrx_word' id='word_1_44' title='bbox 2016 1067 2294 1131; x_wconf 81' lang='lat' dir='ltr'><strong>traditur</strong></span> <span class='ocrx_word' id='word_1_45' title='bbox 2351 1085 2389 1130; x_wconf 90' lang='lat' dir='ltr'><strong>a</strong></span> <span class='ocrx_word' id='word_1_46' title='bbox 2448 1067 2765 1149; x_wconf 84' lang='lat' dir='ltr'><strong>scriptore</strong></span> 
     </span>
     <span class='ocr_line' id='line_1_10' title="bbox 674 1170 2761 1252; baseline -0.002 -13"><span class='ocrx_word' id='word_1_47' title='bbox 674 1175 865 1239; x_wconf 89' lang='lat' dir='ltr'><strong>Isidis</strong></span> <span class='ocrx_word' id='word_1_48' title='bbox 912 1175 1227 1240; x_wconf 89' lang='lat' dir='ltr'><strong>sacerdoti</strong></span> <span class='ocrx_word' id='word_1_49' title='bbox 1285 1174 1534 1239; x_wconf 89' lang='lat' dir='ltr'><strong>cuidam</strong></span> <span class='ocrx_word' id='word_1_50' title='bbox 1580 1191 1810 1237; x_wconf 91' lang='lat' dir='ltr'><strong>nomen</strong></span> <span class='ocrx_word' id='word_1_51' title='bbox 1854 1172 2126 1235; x_wconf 75' lang='lat' dir='ltr'><strong>Mithrae</strong></span> <span class='ocrx_word' id='word_1_52' title='bbox 2154 1170 2203 1252; x_wconf 89' lang='lat'><strong>¹)</strong></span> <span class='ocrx_word' id='word_1_53' title='bbox 2249 1172 2464 1249; x_wconf 87' lang='lat' dir='ltr'><strong>fuisse,</strong></span> <span class='ocrx_word' id='word_1_54' title='bbox 2511 1171 2761 1249; x_wconf 87' lang='lat' dir='ltr'><strong>tamen,</strong></span> 
     </span>
     <span class='ocr_line' id='line_1_11' title="bbox 678 1275 2764 1364; baseline -0.003 -20"><span class='ocrx_word' id='word_1_55' title='bbox 678 1299 816 1344; x_wconf 86' lang='lat' dir='ltr'><strong>cum</strong></span> <span class='ocrx_word' id='word_1_56' title='bbox 891 1281 1058 1363; x_wconf 89' lang='lat' dir='ltr'><strong>apud</strong></span> <span class='ocrx_word' id='word_1_57' title='bbox 1128 1280 1483 1364; x_wconf 87' lang='lat' dir='ltr'><strong>Aegyptios</strong></span> <span class='ocrx_word' id='word_1_58' title='bbox 1555 1297 1775 1345; x_wconf 84' lang='lat' dir='ltr'><strong>vocem</strong></span> <span class='ocrx_word' id='word_1_59' title='bbox 1859 1277 2040 1341; x_wconf 90' lang='lat' dir='ltr'><strong>illam</strong></span> <span class='ocrx_word' id='word_1_60' title='bbox 2124 1275 2411 1340; x_wconf 81' lang='lat' dir='ltr'><strong>extitisse</strong></span> <span class='ocrx_word' id='word_1_61' title='bbox 2488 1275 2764 1339; x_wconf 91' lang='lat' dir='ltr'><strong>minime</strong></span> 
     </span>
     <span class='ocr_line' id='line_1_12' title="bbox 678 1380 2766 1468; baseline -0.003 -18"><span class='ocrx_word' id='word_1_62' title='bbox 678 1385 944 1462; x_wconf 87' lang='lat' dir='ltr'><strong>constet,</strong></span> <span class='ocrx_word' id='word_1_63' title='bbox 992 1385 1125 1449; x_wconf 92' lang='lat' dir='ltr'><strong>iure</strong></span> <span class='ocrx_word' id='word_1_64' title='bbox 1158 1384 1509 1468; x_wconf 89' lang='lat' dir='ltr'><strong>meritoque</strong></span> <span class='ocrx_word' id='word_1_65' title='bbox 1541 1383 1780 1448; x_wconf 90' lang='lat' dir='ltr'><strong>iudices</strong></span> <span class='ocrx_word' id='word_1_66' title='bbox 1825 1381 2202 1462; x_wconf 86' lang='lat' dir='ltr'><strong>scriptorem</strong></span> <span class='ocrx_word' id='word_1_67' title='bbox 2251 1380 2328 1444; x_wconf 87' lang='lat' dir='ltr'><strong>de</strong></span> <span class='ocrx_word' id='word_1_68' title='bbox 2360 1381 2534 1445; x_wconf 89' lang='lat' dir='ltr'><strong>cultu</strong></span> <span class='ocrx_word' id='word_1_69' title='bbox 2563 1380 2766 1446; x_wconf 89' lang='lat' dir='ltr'><strong>Isidis</strong></span> 
     </span>
     <span class='ocr_line' id='line_1_13' title="bbox 678 1483 2764 1553; baseline -0.001 -1"><span class='ocrx_word' id='word_1_70' title='bbox 678 1489 1040 1553; x_wconf 88' lang='lat' dir='ltr'><strong>narrantem</strong></span> <span class='ocrx_word' id='word_1_71' title='bbox 1095 1488 1458 1553; x_wconf 86' lang='lat' dir='ltr'><strong>meminisse</strong></span> <span class='ocrx_word' id='word_1_72' title='bbox 1522 1486 1643 1551; x_wconf 89' lang='lat' dir='ltr'><strong>Dei</strong></span> <span class='ocrx_word' id='word_1_73' title='bbox 1691 1484 1849 1550; x_wconf 86' lang='lat' dir='ltr'><strong>Solis</strong></span> <span class='ocrx_word' id='word_1_74' title='bbox 1909 1484 2141 1549; x_wconf 81' lang='lat' dir='ltr'><strong>Invicti</strong></span> <span class='ocrx_word' id='word_1_75' title='bbox 2201 1483 2444 1549; x_wconf 90' lang='lat' dir='ltr'><strong>cultum</strong></span> <span class='ocrx_word' id='word_1_76' title='bbox 2507 1485 2586 1549; x_wconf 91' lang='lat' dir='ltr'><strong>ab</strong></span> <span class='ocrx_word' id='word_1_77' title='bbox 2646 1484 2764 1551; x_wconf 89' lang='lat' dir='ltr'><strong>illo</strong></span> 
     </span>
     <span class='ocr_line' id='line_1_14' title="bbox 678 1576 2767 1671; baseline -0.002 -15"><span class='ocrx_word' id='word_1_78' title='bbox 678 1594 939 1657; x_wconf 91' lang='lat' dir='ltr'><strong>minime</strong></span> <span class='ocrx_word' id='word_1_79' title='bbox 994 1592 1406 1658; x_wconf 87' lang='lat' dir='ltr'><strong>abhorruisse.</strong></span> <span class='ocrx_word' id='word_1_80' title='bbox 1516 1593 1671 1655; x_wconf 91' lang='lat' dir='ltr'><strong>Rem</strong></span> <span class='ocrx_word' id='word_1_81' title='bbox 1741 1589 1953 1654; x_wconf 87' lang='lat' dir='ltr'><strong>autem</strong></span> <span class='ocrx_word' id='word_1_82' title='bbox 2002 1589 2201 1671; x_wconf 88' lang='lat' dir='ltr'><strong>ipsam</strong></span> <span class='ocrx_word' id='word_1_83' title='bbox 2274 1576 2639 1652; x_wconf 82' lang='lat' dir='ltr'><strong>accuratius</strong></span> <span class='ocrx_word' id='word_1_84' title='bbox 2704 1588 2767 1652; x_wconf 90' lang='lat' dir='ltr'><strong>ei</strong></span> 
     </span>
    </p>
   </div>
   <div class='ocr_carea' id='block_1_4' title="bbox 583 1691 2764 1779">
    <p class='ocr_par' dir='ltr' id='par_1_4' title="bbox 583 1691 2764 1779">
     <span class='ocr_line' id='line_1_15' title="bbox 583 1691 2764 1779; baseline -0.001 -19"><span class='ocrx_word' id='word_1_85' title='bbox 583 1710 590 1725; x_wconf 90' lang='grc'><em>·</em></span> <span class='ocrx_word' id='word_1_86' title='bbox 677 1698 1019 1763; x_wconf 88' lang='lat' dir='ltr'><strong>innotuisse</strong></span> <span class='ocrx_word' id='word_1_87' title='bbox 1052 1713 1236 1761; x_wconf 93' lang='lat' dir='ltr'><strong>nemo</strong></span> <span class='ocrx_word' id='word_1_88' title='bbox 1287 1696 1392 1779; x_wconf 88' lang='lat' dir='ltr'><strong>qui</strong></span> <span class='ocrx_word' id='word_1_89' title='bbox 1437 1695 1624 1759; x_wconf 90' lang='lat' dir='ltr'><strong>modo</strong></span> <span class='ocrx_word' id='word_1_90' title='bbox 1666 1692 1954 1774; x_wconf 84' lang='lat' dir='ltr'><strong>exposita</strong></span> <span class='ocrx_word' id='word_1_91' title='bbox 1983 1691 2366 1778; x_wconf 84' lang='lat' dir='ltr'><strong>intellexerit</strong></span> <span class='ocrx_word' id='word_1_92' title='bbox 2403 1691 2640 1757; x_wconf 88' lang='lat' dir='ltr'><strong>credet.</strong></span> <span class='ocrx_word' id='word_1_93' title='bbox 2673 1728 2764 1739; x_wconf 92' lang='lat'>—</span> 
     </span>
    </p>
   </div>
   <div class='ocr_carea' id='block_1_5' title="bbox 197 2289 606 2430">
    <p class='ocr_par' dir='ltr' id='par_1_5' title="bbox 197 2289 606 2430">
     <span class='ocr_line' id='line_1_16' title="bbox 197 2289 606 2344; baseline -0.005 0"><span class='ocrx_word' id='word_1_94' title='bbox 197 2290 299 2344; x_wconf 91' lang='lat' dir='ltr'>VIII</span> <span class='ocrx_word' id='word_1_95' title='bbox 322 2289 606 2343; x_wconf 82' lang='lat' dir='ltr'><strong>1.Justinus</strong></span> 
     </span>
     <span class='ocr_line' id='line_1_17' title="bbox 298 2359 501 2430; baseline -0.005 -17"><span class='ocrx_word' id='word_1_96' title='bbox 298 2359 501 2430; x_wconf 82' lang='lat' dir='ltr'><strong>Martyr.</strong></span> 
     </span>
    </p>
   </div>
   <div class='ocr_carea' id='block_1_6' title="bbox 674 1796 2765 2094">
    <p class='ocr_par' dir='ltr' id='par_1_6' title="bbox 674 1796 2765 2094">
     <span class='ocr_line' id='line_1_18' title="bbox 850 1796 2762 1878; baseline -0.004 -11"><span class='ocrx_word' id='word_1_97' title='bbox 850 1801 1353 1867; x_wconf 83' lang='lat' dir='ltr'><strong>Commemorem</strong></span> <span class='ocrx_word' id='word_1_98' title='bbox 1415 1799 1535 1863; x_wconf 91' lang='lat' dir='ltr'><strong>hoc</strong></span> <span class='ocrx_word' id='word_1_99' title='bbox 1581 1799 1722 1863; x_wconf 89' lang='lat' dir='ltr'><strong>loco</strong></span> <span class='ocrx_word' id='word_1_100' title='bbox 1769 1796 1894 1861; x_wconf 87' lang='lat' dir='ltr'><strong>alia</strong></span> <span class='ocrx_word' id='word_1_101' title='bbox 1940 1796 2319 1878; x_wconf 88' lang='lat' dir='ltr'><strong>scriptorum</strong></span> <span class='ocrx_word' id='word_1_102' title='bbox 2363 1796 2762 1875; x_wconf 88' lang='lat' dir='ltr'><strong>testimonia,</strong></span> 
     </span>
     <span class='ocr_line' id='line_1_19' title="bbox 678 1901 2762 1990; baseline -0.003 -20"><span class='ocrx_word' id='word_1_103' title='bbox 678 1907 901 1990; x_wconf 89' lang='lat' dir='ltr'><strong>quibus</strong></span> <span class='ocrx_word' id='word_1_104' title='bbox 947 1904 1221 1970; x_wconf 85' lang='lat' dir='ltr'><strong>Mithrae</strong></span> <span class='ocrx_word' id='word_1_105' title='bbox 1283 1904 1536 1968; x_wconf 89' lang='lat' dir='ltr'><strong>nomine</strong></span> <span class='ocrx_word' id='word_1_106' title='bbox 1583 1902 1871 1989; x_wconf 78' lang='lat' dir='ltr'><strong>homines</strong></span> <span class='ocrx_word' id='word_1_107' title='bbox 1935 1901 2237 1984; x_wconf 86' lang='lat' dir='ltr'><strong>quosdam</strong></span> <span class='ocrx_word' id='word_1_108' title='bbox 2299 1902 2578 1965; x_wconf 87' lang='lat' dir='ltr'><strong>ornatos</strong></span> <span class='ocrx_word' id='word_1_109' title='bbox 2623 1918 2762 1966; x_wconf 84' lang='lat' dir='ltr'><strong>esse</strong></span> 
     </span>
     <span class='ocr_line' id='line_1_20' title="bbox 674 2005 2765 2094; baseline -0.003 -20"><span class='ocrx_word' id='word_1_110' title='bbox 674 2010 1121 2094; x_wconf 59' lang='lat' dir='ltr'><strong>intellegimus</strong></span> <span class='ocrx_word' id='word_1_111' title='bbox 1172 2027 1312 2071; x_wconf 92' lang='lat' dir='ltr'><strong>cum</strong></span> <span class='ocrx_word' id='word_1_112' title='bbox 1360 2005 1621 2071; x_wconf 92' lang='lat' dir='ltr'><strong>minime</strong></span> <span class='ocrx_word' id='word_1_113' title='bbox 1667 2007 1747 2072; x_wconf 89' lang='lat' dir='ltr'><strong>ad</strong></span> <span class='ocrx_word' id='word_1_114' title='bbox 1803 2006 2041 2069; x_wconf 90' lang='lat' dir='ltr'><strong>cultum</strong></span> <span class='ocrx_word' id='word_1_115' title='bbox 2090 2005 2476 2088; x_wconf 87' lang='lat' dir='ltr'><strong>pertineant,</strong></span> <span class='ocrx_word' id='word_1_116' title='bbox 2542 2005 2765 2070; x_wconf 88' lang='lat' dir='ltr'><strong>omnia</strong></span> 
     </span>
    </p>
   </div>
   <div class='ocr_carea' id='block_1_7' title="bbox 675 2112 1241 2197">
    <p class='ocr_par' dir='ltr' id='par_1_7' title="bbox 675 2112 1241 2197">
     <span class='ocr_line' id='line_1_21' title="bbox 675 2112 1241 2197; baseline 0 -19"><span class='ocrx_word' id='word_1_117' title='bbox 675 2133 777 2178; x_wconf 91' lang='lat' dir='ltr'><strong>me</strong></span> <span class='ocrx_word' id='word_1_118' title='bbox 821 2112 1241 2197; x_wconf 87' lang='lat' dir='ltr'><strong>praeteriisse.</strong></span> 
     </span>
    </p>
   </div>
   <div class='ocr_carea' id='block_1_8' title="bbox 850 2264 2760 2354">
    <p class='ocr_par' dir='ltr' id='par_1_8' title="bbox 850 2264 2760 2354">
     <span class='ocr_line' id='line_1_22' title="bbox 850 2264 2760 2354; baseline -0.003 -19"><span class='ocrx_word' id='word_1_119' title='bbox 850 2270 1113 2354; x_wconf 88' lang='lat' dir='ltr'><strong>Saepius</strong></span> <span class='ocrx_word' id='word_1_120' title='bbox 1179 2268 1460 2332; x_wconf 64' lang='lat' dir='ltr'><strong>‚lustinus</strong></span> <span class='ocrx_word' id='word_1_121' title='bbox 1525 2267 1766 2349; x_wconf 85' lang='lat' dir='ltr'><strong>Martyr</strong></span> <span class='ocrx_word' id='word_1_122' title='bbox 1841 2282 2090 2349; x_wconf 87' lang='lat' dir='ltr'><strong>quoque</strong></span> <span class='ocrx_word' id='word_1_123' title='bbox 2164 2264 2437 2330; x_wconf 89' lang='lat' dir='ltr'><strong>Mithrae</strong></span> <span class='ocrx_word' id='word_1_124' title='bbox 2516 2267 2760 2331; x_wconf 90' lang='lat' dir='ltr'><strong>cultum</strong></span> 
     </span>
    </p>
   </div>
   <div class='ocr_carea' id='block_1_9' title="bbox 678 2369 2876 2472">
    <p class='ocr_par' dir='ltr' id='par_1_9' title="bbox 678 2369 2876 2472">
     <span class='ocr_line' id='line_1_23' title="bbox 678 2369 2876 2472; baseline -0.003 -31"><span class='ocrx_word' id='word_1_125' title='bbox 678 2375 1144 2443; x_wconf 91' lang='lat' dir='ltr'><strong>commemorat.</strong></span> <span class='ocrx_word' id='word_1_126' title='bbox 1237 2374 1310 2437; x_wconf 90' lang='lat' dir='ltr'><strong>In</strong></span> <span class='ocrx_word' id='word_1_127' title='bbox 1379 2371 1629 2454; x_wconf 86' lang='lat' dir='ltr'><strong>dialogo</strong></span> <span class='ocrx_word' id='word_1_128' title='bbox 1707 2371 1876 2435; x_wconf 91' lang='lat' dir='ltr'><strong>enim</strong></span> <span class='ocrx_word' id='word_1_129' title='bbox 1952 2389 2094 2435; x_wconf 90' lang='lat' dir='ltr'><strong>cum</strong></span> <span class='ocrx_word' id='word_1_130' title='bbox 2162 2369 2498 2454; x_wconf 83' lang='lat' dir='ltr'><strong>Tryphone</strong></span> <span class='ocrx_word' id='word_1_131' title='bbox 2566 2371 2764 2436; x_wconf 83' lang='lat' dir='ltr'><strong>verba</strong></span> <span class='ocrx_word' id='word_1_132' title='bbox 2875 2443 2876 2472; x_wconf 26' lang='grc' dir='ltr'><strong>ἱ</strong></span> 
     </span>
    </p>
   </div>
   <div class='ocr_carea' id='block_1_10' title="bbox 675 2476 2762 3289">
    <p class='ocr_par' dir='ltr' id='par_1_10' title="bbox 675 2476 2762 3289">
     <span class='ocr_line' id='line_1_24' title="bbox 677 2476 2762 2567; baseline -0.001 -22"><span class='ocrx_word' id='word_1_133' title='bbox 677 2480 1069 2562; x_wconf 90' lang='lat' dir='ltr'><strong>reperiuntur</strong></span> <span class='ocrx_word' id='word_1_134' title='bbox 1110 2479 1269 2542; x_wconf 89' lang='lat' dir='ltr'><strong>haec</strong></span> <span class='ocrx_word' id='word_1_135' title='bbox 1322 2478 1482 2544; x_wconf 80' lang='grc' dir='ltr'><strong><em>ὅταν·</em></strong></span> <span class='ocrx_word' id='word_1_136' title='bbox 1532 2478 1655 2567; x_wconf 73' lang='grc' dir='ltr'><strong>γάρ</strong></span> <span class='ocrx_word' id='word_1_137' title='bbox 1714 2477 1779 2544; x_wconf 79' lang='grc' dir='ltr'><strong>οἱ</strong></span> <span class='ocrx_word' id='word_1_138' title='bbox 1832 2478 1914 2543; x_wconf 73' lang='lat' dir='ltr'><strong>w?</strong></span> <span class='ocrx_word' id='word_1_139' title='bbox 1968 2483 2088 2542; x_wconf 86' lang='grc' dir='ltr'><strong>τοῦ</strong></span> <span class='ocrx_word' id='word_1_140' title='bbox 2128 2476 2382 2565; x_wconf 72' lang='grc' dir='ltr'><strong><em>μίθρου</em></strong></span> <span class='ocrx_word' id='word_1_141' title='bbox 2425 2478 2762 2565; x_wconf 79' lang='grc' dir='ltr'><strong><em>μυστήρια</em></strong></span> 
     </span>
     <span class='ocr_line' id='line_1_25' title="bbox 676 2578 2762 2669; baseline -0.002 -19"><span class='ocrx_word' id='word_1_142' title='bbox 676 2581 1168 2669; x_wconf 64' lang='grc' dir='ltr'><strong><em>παραὸιὸόηες,</em></strong></span> <span class='ocrx_word' id='word_1_143' title='bbox 1223 2580 1486 2666; x_wconf 70' lang='grc' dir='ltr'><em>λέγιιισιν</em></span> <span class='ocrx_word' id='word_1_144' title='bbox 1529 2578 1599 2644; x_wconf 70' lang='grc' dir='ltr'><strong>ἐκ</strong></span> <span class='ocrx_word' id='word_1_145' title='bbox 1642 2580 1886 2668; x_wconf 76' lang='grc' dir='ltr'><strong><em>πέτρας</em></strong></span> <span class='ocrx_word' id='word_1_146' title='bbox 1929 2586 2318 2667; x_wconf 69' lang='grc' dir='ltr'><em>γεγενῆσθαι</em></span> <span class='ocrx_word' id='word_1_147' title='bbox 2362 2581 2585 2658; x_wconf 61' lang='lat' dir='ltr'><strong>achor,</strong></span> <span class='ocrx_word' id='word_1_148' title='bbox 2652 2580 2762 2646; x_wconf 79' lang='grc' dir='ltr'><strong>καὶ</strong></span> 
     </span>
     <span class='ocr_line' id='line_1_26' title="bbox 677 2681 2758 2772; baseline -0.001 -18"><span class='ocrx_word' id='word_1_149' title='bbox 677 2686 1000 2772; x_wconf 81' lang='grc' dir='ltr'><em>σπήλαιον</em></span> <span class='ocrx_word' id='word_1_150' title='bbox 1067 2686 1316 2749; x_wconf 78' lang='grc' dir='ltr'><em>καλῶσι</em></span> <span class='ocrx_word' id='word_1_151' title='bbox 1371 2685 1483 2749; x_wconf 73' lang='grc' dir='ltr'><strong>τόν</strong></span> <span class='ocrx_word' id='word_1_152' title='bbox 1544 2681 1771 2764; x_wconf 79' lang='grc' dir='ltr'><strong><em>τόπον,</em></strong></span> <span class='ocrx_word' id='word_1_153' title='bbox 1838 2681 2001 2749; x_wconf 71' lang='grc' dir='ltr'><strong>ἔνθα</strong></span> <span class='ocrx_word' id='word_1_154' title='bbox 2066 2691 2251 2767; x_wconf 76' lang='grc' dir='ltr'><em>μυεῖν</em></span> <span class='ocrx_word' id='word_1_155' title='bbox 2315 2684 2475 2762; x_wconf 74' lang='grc' dir='ltr'><strong>τούς</strong></span> <span class='ocrx_word' id='word_1_156' title='bbox 2524 2693 2758 2763; x_wconf 66' lang='lat' dir='ltr'><strong>716er-</strong></span> 
     </span>
     <span class='ocr_line' id='line_1_27' title="bbox 675 2785 2757 2876; baseline -0.003 -21"><span class='ocrx_word' id='word_1_157' title='bbox 675 2789 912 2874; x_wconf 77' lang='grc' dir='ltr'><strong><em>μένους</em></strong></span> <span class='ocrx_word' id='word_1_158' title='bbox 979 2785 1163 2873; x_wconf 72' lang='grc' dir='ltr'><strong>αὐτῷ</strong></span> <span class='ocrx_word' id='word_1_159' title='bbox 1232 2788 1719 2876; x_wconf 78' lang='grc' dir='ltr'><em>παραδιδοῦσιν</em></span> <span class='ocrx_word' id='word_1_160' title='bbox 1740 2785 1814 2867; x_wconf 75' lang='grc'><strong>2).</strong></span> <span class='ocrx_word' id='word_1_161' title='bbox 1930 2786 2314 2868; x_wconf 83' lang='lat' dir='ltr'><strong>Scriptorem</strong></span> <span class='ocrx_word' id='word_1_162' title='bbox 2384 2786 2556 2851; x_wconf 80' lang='lat' dir='ltr'><strong>idem</strong></span> <span class='ocrx_word' id='word_1_163' title='bbox 2624 2789 2757 2851; x_wconf 83' lang='lat' dir='ltr'><strong>fere</strong></span> 
     </span>
     <span class='ocr_line' id='line_1_28' title="bbox 676 2889 2757 2973; baseline -0 -17"><span class='ocrx_word' id='word_1_164' title='bbox 676 2892 923 2956; x_wconf 88' lang='lat' dir='ltr'><strong>tradere</strong></span> <span class='ocrx_word' id='word_1_165' title='bbox 971 2889 1310 2972; x_wconf 85' lang='lat' dir='ltr'><strong>intellegas</strong></span> <span class='ocrx_word' id='word_1_166' title='bbox 1371 2890 1538 2972; x_wconf 87' lang='lat' dir='ltr'><strong>quod</strong></span> <span class='ocrx_word' id='word_1_167' title='bbox 1598 2889 2005 2973; x_wconf 78' lang='lat' dir='ltr'><strong>PorphyriuS,</strong></span> <span class='ocrx_word' id='word_1_168' title='bbox 2052 2889 2364 2955; x_wconf 82' lang='lat' dir='ltr'><strong>Firmicus</strong></span> <span class='ocrx_word' id='word_1_169' title='bbox 2409 2890 2757 2956; x_wconf 76' lang='lat' dir='ltr'><strong>Maternus</strong></span> 
     </span>
     <span class='ocr_line' id='line_1_29' title="bbox 679 2992 2759 3084; baseline 0.001 -25"><span class='ocrx_word' id='word_1_170' title='bbox 679 2996 863 3059; x_wconf 89' lang='lat' dir='ltr'><strong>Hunc</strong></span> <span class='ocrx_word' id='word_1_171' title='bbox 911 2995 1082 3059; x_wconf 90' lang='lat' dir='ltr'><strong>enim</strong></span> <span class='ocrx_word' id='word_1_172' title='bbox 1126 3013 1308 3058; x_wconf 76' lang='lat' dir='ltr'><strong>voces</strong></span> <span class='ocrx_word' id='word_1_173' title='bbox 1364 2992 1531 3073; x_wconf 80' lang='grc' dir='ltr'><em>Θεὸς</em></span> <span class='ocrx_word' id='word_1_174' title='bbox 1573 2992 1644 3059; x_wconf 79' lang='grc' dir='ltr'><strong>ἐκ</strong></span> <span class='ocrx_word' id='word_1_175' title='bbox 1687 2994 1949 3084; x_wconf 78' lang='grc' dir='ltr'><em>πέτρας,</em></span> <span class='ocrx_word' id='word_1_176' title='bbox 1997 2994 2180 3058; x_wconf 91' lang='lat' dir='ltr'><strong>illum</strong></span> <span class='ocrx_word' id='word_1_177' title='bbox 2228 2994 2358 3059; x_wconf 89' lang='lat' dir='ltr'><strong>fere</strong></span> <span class='ocrx_word' id='word_1_178' title='bbox 2407 2997 2631 3060; x_wconf 87' lang='lat' dir='ltr'><strong>eadem</strong></span> <span class='ocrx_word' id='word_1_179' title='bbox 2684 2997 2759 3061; x_wconf 91' lang='lat' dir='ltr'><strong>de</strong></span> 
     </span>
     <span class='ocr_line' id='line_1_30' title="bbox 676 3096 2759 3183; baseline 0.001 -21"><span class='ocrx_word' id='word_1_180' title='bbox 676 3099 1039 3164; x_wconf 89' lang='lat' dir='ltr'><strong>initiatione</strong></span> <span class='ocrx_word' id='word_1_181' title='bbox 1090 3098 1428 3163; x_wconf 88' lang='lat' dir='ltr'><strong>tradidisse</strong></span> <span class='ocrx_word' id='word_1_182' title='bbox 1469 3096 1931 3182; x_wconf 89' lang='lat' dir='ltr'><strong>intellegemus.</strong></span> <span class='ocrx_word' id='word_1_183' title='bbox 1978 3099 2220 3163; x_wconf 87' lang='lat' dir='ltr'><strong>Novam</strong></span> <span class='ocrx_word' id='word_1_184' title='bbox 2253 3101 2467 3164; x_wconf 90' lang='lat' dir='ltr'><strong>autem</strong></span> <span class='ocrx_word' id='word_1_185' title='bbox 2497 3101 2759 3183; x_wconf 85' lang='lat' dir='ltr'><strong>exponit</strong></span> 
     </span>
     <span class='ocr_line' id='line_1_31' title="bbox 678 3203 2759 3289; baseline -0.001 -20"><span class='ocrx_word' id='word_1_186' title='bbox 678 3205 964 3270; x_wconf 87' lang='lat' dir='ltr'><strong>Justinus</strong></span> <span class='ocrx_word' id='word_1_187' title='bbox 1027 3221 1277 3268; x_wconf 89' lang='lat' dir='ltr'><strong>causam</strong></span> <span class='ocrx_word' id='word_1_188' title='bbox 1346 3203 1422 3265; x_wconf 90' lang='lat' dir='ltr'><strong>de</strong></span> <span class='ocrx_word' id='word_1_189' title='bbox 1487 3219 1610 3285; x_wconf 89' lang='lat' dir='ltr'><strong>qua</strong></span> <span class='ocrx_word' id='word_1_190' title='bbox 1672 3203 1945 3284; x_wconf 89' lang='lat' dir='ltr'><strong>gentiles</strong></span> <span class='ocrx_word' id='word_1_191' title='bbox 2008 3204 2075 3267; x_wconf 92' lang='lat' dir='ltr'><strong>in</strong></span> <span class='ocrx_word' id='word_1_192' title='bbox 2136 3205 2393 3287; x_wconf 83' lang='lat' dir='ltr'><strong>rupibus</strong></span> <span class='ocrx_word' id='word_1_193' title='bbox 2454 3206 2759 3289; x_wconf 85' lang='lat' dir='ltr'><strong>mysteria</strong></span> 
     </span>
    </p>
   </div>
   <div class='ocr_carea' id='block_1_11' title="bbox 675 3306 2870 3399">
    <p class='ocr_par' dir='ltr' id='par_1_11' title="bbox 675 3306 2870 3399">
     <span class='ocr_line' id='line_1_32' title="bbox 675 3306 2870 3399; baseline 0.001 -27"><span class='ocrx_word' id='word_1_194' title='bbox 675 3308 1152 3374; x_wconf 91' lang='lat' dir='ltr'><strong>Mithriacorum</strong></span> <span class='ocrx_word' id='word_1_195' title='bbox 1188 3306 1593 3399; x_wconf 82' lang='lat' dir='ltr'><strong>peregerint,</strong></span> <span class='ocrx_word' id='word_1_196' title='bbox 1663 3326 1804 3371; x_wconf 91' lang='lat' dir='ltr'><strong>cum</strong></span> <span class='ocrx_word' id='word_1_197' title='bbox 1869 3311 2053 3391; x_wconf 89' lang='lat' dir='ltr'><strong>putet</strong></span> <span class='ocrx_word' id='word_1_198' title='bbox 2118 3308 2236 3375; x_wconf 93' lang='lat' dir='ltr'><strong>hoc</strong></span> <span class='ocrx_word' id='word_1_199' title='bbox 2295 3309 2530 3375; x_wconf 90' lang='lat' dir='ltr'><strong>factum</strong></span> <span class='ocrx_word' id='word_1_200' title='bbox 2592 3317 2757 3387; x_wconf 78' lang='lat' dir='ltr'><strong>es&#39;se,</strong></span> <span class='ocrx_word' id='word_1_201' title='bbox 2869 3355 2870 3364; x_wconf 22' lang='grc' dir='ltr'>η</span> 
     </span>
    </p>
   </div>
   <div class='ocr_carea' id='block_1_12' title="bbox 676 3409 2778 4020">
    <p class='ocr_par' dir='ltr' id='par_1_12' title="bbox 676 3409 2778 4020">
     <span class='ocr_line' id='line_1_33' title="bbox 679 3409 2778 3494; baseline 0.002 -19"><span class='ocrx_word' id='word_1_202' title='bbox 679 3409 869 3494; x_wconf 68' lang='grc' dir='ltr'><strong>ῳιοᾶ</strong></span> <span class='ocrx_word' id='word_1_203' title='bbox 903 3413 1069 3476; x_wconf 88' lang='lat' dir='ltr'><strong>Deus</strong></span> <span class='ocrx_word' id='word_1_204' title='bbox 1132 3432 1187 3490; x_wconf 48' lang='lat' dir='ltr'><strong>e,</strong></span> <span class='ocrx_word' id='word_1_205' title='bbox 1225 3431 1369 3477; x_wconf 83' lang='lat' dir='ltr'><strong>saxo</strong></span> <span class='ocrx_word' id='word_1_206' title='bbox 1435 3414 1603 3477; x_wconf 91' lang='lat' dir='ltr'><strong>esset</strong></span> <span class='ocrx_word' id='word_1_207' title='bbox 1663 3414 1850 3479; x_wconf 72' lang='lat' dir='ltr'><strong>ortus</strong></span> <span class='ocrx_word' id='word_1_208' title='bbox 1943 3413 2054 3478; x_wconf 86' lang='lat' dir='ltr'><strong>Cui</strong></span> <span class='ocrx_word' id='word_1_209' title='bbox 2123 3414 2334 3478; x_wconf 92' lang='lat' dir='ltr'><strong>autem</strong></span> <span class='ocrx_word' id='word_1_210' title='bbox 2402 3415 2778 3480; x_wconf 78' lang='lat' dir='ltr'><strong>sententiae</strong></span> 
     </span>
     <span class='ocr_line' id='line_1_34' title="bbox 679 3515 2754 3600; baseline 0 -20"><span class='ocrx_word' id='word_1_211' title='bbox 679 3515 814 3600; x_wconf 92' lang='lat' dir='ltr'><strong>quis</strong></span> <span class='ocrx_word' id='word_1_212' title='bbox 875 3516 971 3580; x_wconf 88' lang='lat' dir='ltr'><strong>est</strong></span> <span class='ocrx_word' id='word_1_213' title='bbox 1029 3516 1133 3599; x_wconf 89' lang='lat' dir='ltr'><strong>qui</strong></span> <span class='ocrx_word' id='word_1_214' title='bbox 1194 3515 1447 3580; x_wconf 89' lang='lat' dir='ltr'><strong>dubitet</strong></span> <span class='ocrx_word' id='word_1_215' title='bbox 1500 3515 1653 3599; x_wconf 88' lang='lat' dir='ltr'><strong>quin</strong></span> <span class='ocrx_word' id='word_1_216' title='bbox 1717 3515 1981 3579; x_wconf 89' lang='lat' dir='ltr'><strong>minima</strong></span> <span class='ocrx_word' id='word_1_217' title='bbox 2040 3516 2125 3581; x_wconf 90' lang='lat' dir='ltr'><strong>sit</strong></span> <span class='ocrx_word' id='word_1_218' title='bbox 2185 3517 2341 3583; x_wconf 87' lang='lat' dir='ltr'><strong>fides</strong></span> <span class='ocrx_word' id='word_1_219' title='bbox 2395 3518 2754 3583; x_wconf 88' lang='lat' dir='ltr'><strong>tribuenda.</strong></span> 
     </span>
     <span class='ocr_line' id='line_1_35' title="bbox 677 3620 2757 3705; baseline 0 -20"><span class='ocrx_word' id='word_1_220' title='bbox 677 3621 940 3685; x_wconf 83' lang='lat' dir='ltr'><strong>Constat</strong></span> <span class='ocrx_word' id='word_1_221' title='bbox 1006 3620 1175 3684; x_wconf 91' lang='lat' dir='ltr'><strong>enim</strong></span> <span class='ocrx_word' id='word_1_222' title='bbox 1234 3639 1302 3684; x_wconf 88' lang='lat' dir='ltr'><strong>re</strong></span> <span class='ocrx_word' id='word_1_223' title='bbox 1358 3620 1514 3701; x_wconf 87' lang='lat' dir='ltr'><strong>ipsa,</strong></span> <span class='ocrx_word' id='word_1_224' title='bbox 1583 3620 1886 3703; x_wconf 87' lang='lat' dir='ltr'><strong>mysteria</strong></span> <span class='ocrx_word' id='word_1_225' title='bbox 1951 3622 2279 3686; x_wconf 88' lang='lat' dir='ltr'><strong>tradentes</strong></span> <span class='ocrx_word' id='word_1_226' title='bbox 2352 3624 2608 3705; x_wconf 86' lang='lat' dir='ltr'><strong>spelaea</strong></span> <span class='ocrx_word' id='word_1_227' title='bbox 2677 3622 2757 3686; x_wconf 87' lang='lat' dir='ltr'><strong>ad</strong></span> 
     </span>
     <span class='ocr_line' id='line_1_36' title="bbox 678 3723 2755 3814; baseline -0 -26"><span class='ocrx_word' id='word_1_228' title='bbox 678 3724 912 3788; x_wconf 91' lang='lat' dir='ltr'><strong>cultum</strong></span> <span class='ocrx_word' id='word_1_229' title='bbox 946 3723 1429 3814; x_wconf 88' lang='lat' dir='ltr'><strong>perpetrandum</strong></span> <span class='ocrx_word' id='word_1_230' title='bbox 1462 3723 1845 3802; x_wconf 85' lang='lat' dir='ltr'><strong>adhibuisse,</strong></span> <span class='ocrx_word' id='word_1_231' title='bbox 1893 3743 1969 3787; x_wconf 88' lang='lat' dir='ltr'><strong>ne</strong></span> <span class='ocrx_word' id='word_1_232' title='bbox 2018 3742 2245 3787; x_wconf 85' lang='lat' dir='ltr'><strong>arcana</strong></span> <span class='ocrx_word' id='word_1_233' title='bbox 2287 3723 2398 3787; x_wconf 90' lang='lat' dir='ltr'><strong>illa</strong></span> <span class='ocrx_word' id='word_1_234' title='bbox 2435 3724 2504 3788; x_wconf 90' lang='lat' dir='ltr'><strong>in</strong></span> <span class='ocrx_word' id='word_1_235' title='bbox 2534 3725 2755 3805; x_wconf 88' lang='lat' dir='ltr'><strong>aperto</strong></span> 
     </span>
     <span class='ocr_line' id='line_1_37' title="bbox 677 3825 2756 3920; baseline 0 -27"><span class='ocrx_word' id='word_1_236' title='bbox 677 3827 965 3893; x_wconf 91' lang='lat' dir='ltr'><strong>omnibus</strong></span> <span class='ocrx_word' id='word_1_237' title='bbox 999 3829 1479 3895; x_wconf 87' lang='lat' dir='ltr'><strong>ostentarentur.</strong></span> <span class='ocrx_word' id='word_1_238' title='bbox 1536 3828 1857 3893; x_wconf 68' lang='lat' dir='ltr'><strong>Just-,inum</strong></span> <span class='ocrx_word' id='word_1_239' title='bbox 1891 3831 2100 3893; x_wconf 92' lang='lat' dir='ltr'><strong>autem</strong></span> <span class='ocrx_word' id='word_1_240' title='bbox 2132 3825 2327 3892; x_wconf 92' lang='lat' dir='ltr'><strong>cultui</strong></span> <span class='ocrx_word' id='word_1_241' title='bbox 2358 3846 2480 3893; x_wconf 92' lang='lat' dir='ltr'><strong>non</strong></span> <span class='ocrx_word' id='word_1_242' title='bbox 2528 3828 2756 3920; x_wconf 72' lang='lat' dir='ltr'><strong>favisse</strong></span> 
     </span>
     <span class='ocr_line' id='line_1_38' title="bbox 676 3932 2757 4020; baseline 0 -24"><span class='ocrx_word' id='word_1_243' title='bbox 676 3934 805 3997; x_wconf 84' lang='lat' dir='ltr'><strong>iam</strong></span> <span class='ocrx_word' id='word_1_244' title='bbox 850 3932 1035 3997; x_wconf 89' lang='lat' dir='ltr'><strong>huius</strong></span> <span class='ocrx_word' id='word_1_245' title='bbox 1090 3933 1216 3998; x_wconf 92' lang='lat' dir='ltr'><strong>loci</strong></span> <span class='ocrx_word' id='word_1_246' title='bbox 1282 3952 1355 3997; x_wconf 86' lang='lat' dir='ltr'><strong>ex</strong></span> <span class='ocrx_word' id='word_1_247' title='bbox 1417 3933 1620 3998; x_wconf 91' lang='lat' dir='ltr'><strong>verbis</strong></span> <span class='ocrx_word' id='word_1_248' title='bbox 1665 3934 2108 4018; x_wconf 65' lang='grc' dir='ltr'><em>πειθομένους</em></span> <span class='ocrx_word' id='word_1_249' title='bbox 2153 3949 2227 3995; x_wconf 90' lang='lat' dir='ltr'><strong>ac</strong></span> <span class='ocrx_word' id='word_1_250' title='bbox 2272 3934 2757 4020; x_wconf 75' lang='grc' dir='ltr'><em>παραδιδοῦσιν</em></span> 
     </span>
    </p>
   </div>
   <div class='ocr_carea' id='block_1_13' title="bbox 680 4050 729 4057">
    <p class='ocr_par' dir='ltr' id='par_1_13' title="bbox 680 4050 729 4057">
     <span class='ocr_line' id='line_1_39' title="bbox 680 4050 729 4057; baseline -0.02 0"><span class='ocrx_word' id='word_1_251' title='bbox 680 4050 729 4057; x_wconf 46' lang='grc' dir='ltr'><strong>μ-</strong></span> 
     </span>
    </p>
   </div>
   <div class='ocr_carea' id='block_1_14' title="bbox 732 4052 1093 4058">
    <p class='ocr_par' dir='ltr' id='par_1_14' title="bbox 732 4052 1093 4058">
     <span class='ocr_line' id='line_1_40' title="bbox 732 4052 1093 4058; baseline 0 0"><span class='ocrx_word' id='word_1_252' title='bbox 732 4052 1093 4058; x_wconf 95' lang='lat' dir='ltr'><strong> </strong></span> 
     </span>
    </p>
   </div>
   <div class='ocr_carea' id='block_1_15' title="bbox 851 4087 2631 4332">
    <p class='ocr_par' dir='ltr' id='par_1_15' title="bbox 851 4087 2631 4332">
     <span class='ocr_line' id='line_1_41' title="bbox 854 4087 2631 4158; baseline -0.003 -14"><span class='ocrx_word' id='word_1_253' title='bbox 854 4091 891 4158; x_wconf 90' lang='lat'><strong>²)</strong></span> <span class='ocrx_word' id='word_1_254' title='bbox 927 4091 1009 4144; x_wconf 87' lang='lat' dir='ltr'><strong>ed.</strong></span> <span class='ocrx_word' id='word_1_255' title='bbox 1047 4089 1110 4144; x_wconf 88' lang='lat' dir='ltr'><strong>G.</strong></span> <span class='ocrx_word' id='word_1_256' title='bbox 1146 4090 1204 4145; x_wconf 83' lang='lat' dir='ltr'><strong>F.</strong></span> <span class='ocrx_word' id='word_1_257' title='bbox 1242 4089 1575 4144; x_wconf 87' lang='lat' dir='ltr'><strong>Hildebrand</strong></span> <span class='ocrx_word' id='word_1_258' title='bbox 1614 4093 1641 4144; x_wconf 96' lang='lat' dir='ltr'>I</span> <span class='ocrx_word' id='word_1_259' title='bbox 1682 4091 2044 4143; x_wconf 78' lang='lat'><strong>1067—1068.</strong></span> <span class='ocrx_word' id='word_1_260' title='bbox 2115 4088 2329 4158; x_wconf 84' lang='lat' dir='ltr'><strong>Lipsiae</strong></span> <span class='ocrx_word' id='word_1_261' title='bbox 2371 4087 2519 4140; x_wconf 80' lang='lat'><strong>1842.</strong></span> <span class='ocrx_word' id='word_1_262' title='bbox 2556 4087 2631 4139; x_wconf 83' lang='lat'><strong>8⁰.</strong></span> 
     </span>
     <span class='ocr_line' id='line_1_42' title="bbox 923 4178 1441 4231; baseline -0.004 0"><span class='ocrx_word' id='word_1_263' title='bbox 923 4178 961 4231; x_wconf 94' lang='lat' dir='ltr'><strong>l.</strong></span> <span class='ocrx_word' id='word_1_264' title='bbox 996 4193 1041 4230; x_wconf 90' lang='lat' dir='ltr'><strong>c.</strong></span> <span class='ocrx_word' id='word_1_265' title='bbox 1084 4179 1441 4230; x_wconf 80' lang='lat'><strong>1078—1079.</strong></span> 
     </span>
     <span class='ocr_line' id='line_1_43' title="bbox 851 4262 2224 4332; baseline -0.001 -16"><span class='ocrx_word' id='word_1_266' title='bbox 851 4264 893 4331; x_wconf 82' lang='lat'><strong>²)</strong></span> <span class='ocrx_word' id='word_1_267' title='bbox 932 4263 1010 4316; x_wconf 82' lang='lat' dir='ltr'><strong>ed.</strong></span> <span class='ocrx_word' id='word_1_268' title='bbox 1050 4264 1101 4317; x_wconf 82' lang='lat' dir='ltr'><strong>S.</strong></span> <span class='ocrx_word' id='word_1_269' title='bbox 1139 4262 1276 4316; x_wconf 82' lang='lat' dir='ltr'><strong>Jebb</strong></span> <span class='ocrx_word' id='word_1_270' title='bbox 1314 4265 1415 4314; x_wconf 83' lang='lat'><strong>213</strong></span> <span class='ocrx_word' id='word_1_271' title='bbox 1452 4264 1613 4332; x_wconf 77' lang='lat'><strong>(296).</strong></span> <span class='ocrx_word' id='word_1_272' title='bbox 1687 4263 1920 4316; x_wconf 82' lang='lat' dir='ltr'><strong>Londini</strong></span> <span class='ocrx_word' id='word_1_273' title='bbox 1965 4264 2113 4316; x_wconf 84' lang='lat'><strong>1719.</strong></span> <span class='ocrx_word' id='word_1_274' title='bbox 2151 4262 2224 4315; x_wconf 77' lang='lat'><strong>80.</strong></span> 
     </span>
    </p>
   </div>
   <div class='ocr_carea' id='block_1_16' title="bbox 2865 2831 2875 3987">
    <p class='ocr_par' dir='ltr' id='par_1_16' title="bbox 2865 2831 2875 3987">
     <span class='ocr_line' id='line_1_44' title="bbox 2865 2831 2875 3987; baseline 0 0"><span class='ocrx_word' id='word_1_275' title='bbox 2865 2831 2875 3987; x_wconf 95' lang='lat' dir='ltr'><strong> </strong></span> 
     </span>
    </p>
   </div>
  </div>
 </body>
</html>
