2925 4802
223 436 272 491 L.
313 454 359 506 p.
400 435 492 493 CVI
530 440 581 492 et

292 524 338 577 p.
379 506 510 563 cvu.

1661 222 1784 289 106

847 431 1115 497 Restant
1197 430 1455 495 tabulae
1530 432 1709 511 duae,
1774 450 1932 513 quae
2007 432 2393 516 templorum
2459 424 2774 500 Mithria-

675 554 890 600 c-orum
952 535 1226 600 formam
1272 535 1630 603 ostendunt.
1728 535 2141 619 Supersedeo‚
2200 537 2347 620 quia
2390 540 2584 604 inane
2635 557 2774 605 esse

677 641 848 721 puto,
880 637 1232 704 accuratius
1264 656 1371 704 eas
1402 640 1780 719 describere,
1825 641 2198 723 praesertim
2230 660 2374 706 cum
2406 643 2772 708 litteratum

675 744 1200 827 significationeS,
1263 743 1489 827 quibus
1553 743 1822 825 scriptor
1890 745 2128 810 statum
2186 766 2400 810 rerum
2461 745 2772 828 exposuit,

676 847 900 915 desint.
1012 848 1252 914 Tamen
1326 867 1527 932 pauca
1599 848 1771 913 noto.
1809 905 1813 911 .
1874 848 2162 914 Primum
2238 850 2581 915 statuenda
2678 852 2776 915 est

670 972 907 1036 ‘magna
972 951 1317 1018 similitudo
1393 952 1562 1018 inter
1631 953 1807 1017 varia
1874 955 1940 1018 ct
2006 952 2201 1019 variis
2276 953 2435 1020 locis
2511 956 2775 1037 reperta

676 1057 932 1138 templa.
1041 1055 1273 1122 Omnia
1341 1054 1511 1121 enim
1574 1056 1887 1140 oblongae
1951 1055 2191 1123 formae
2249 1077 2287 1122 a
2350 1057 2627 1123 meridie
2690 1059 2775 1122 ad·

674 1161 1133 1245 septentriones
1196 1161 1457 1226 extensa·
1524 1159 1587 1224 in
1659 1162 1868 1242 partes
1915 1162 2087 1241 duas,
2150 1161 2217 1226 id
2281 1163 2379 1228 est
2439 1160 2507 1225 in
2555 1162 2770 1231 subli-

678 1265 942 1330 miorem
969 1265 1034 1329 et
1057 1264 1122 1327 in
1146 1262 1509 1328 inferiorem
1534 1265 1803 1347 partem,
1828 1264 1976 1329 sunt
2001 1263 2227 1331 divisa.
2277 1264 2557 1345 Quarum
2594 1266 2777 1348 prior

675 1369 850 1435 locus
882 1368 1005 1433 fuit
1036 1367 1317 1433 omnium
1350 1365 1769 1446 initiatorum,
1800 1386 1946 1432 cum
1981 1368 2331 1450 posteriore
2365 1369 2407 1433 ii
2443 1371 2643 1435 modo
2676 1371 2770 1436 usi

676 1473 822 1550 sint,
855 1472 960 1555 qui
992 1472 1198 1536 cultus
1230 1470 1499 1538 maiores
1522 1472 1752 1552 gradus
1784 1471 2053 1537 fuissent
2083 1473 2374 1540 assecuti.
2423 1474 2499 1538 In
2533 1475 2764 1556 apside

677 1577 888 1640 autem
952 1575 1225 1657 positum
1303 1574 1424 1639 fuit
1480 1573 1887 1640 simulacrum
1937 1575 2060 1642 Dei
2105 1595 2214 1641 ara
2255 1576 2506 1659 aliaque
2555 1578 2764 1643 cultus

676 1681 1114 1747 instrumenta.
1220 1677 1658 1763 Magnitudine
1714 1679 2060 1745 Mithriaca
2117 1679 2230 1744 illa
2276 1699 2398 1745 non
2458 1682 2652 1747 valde
2704 1702 2743 1746 a

677 1783 882 1865 parvis
906 1785 1156 1849 nostrae
1181 1783 1410 1848 aetatis
1434 1783 1718 1847 ecclesiis
1743 1782 2058 1862 differunt,
2085 1782 2206 1848 nisi
2237 1785 2320 1849 ad
2350 1785 2763 1852 altitudinem

677 1888 997 1971 respicias,
1077 1888 1166 1953 At
1197 1887 1509 1953 memoria
1554 1886 1817 1970 dignum
1867 1887 1965 1952 est
2011 1887 2243 1953 multas
2300 1888 2761 1956 initiandorum

678 1992 1080 2073 probationes
1126 1992 1263 2057 sine
1298 1991 1490 2057 dubio
1538 2010 1674 2057 esse
1716 1992 2118 2073 perpetratas
2150 1992 2263 2057 sub
2293 1993 2460 2070 Iove,
2510 2013 2639 2076 qua
2688 1994 2763 2058 de

676 2115 862 2161 eausa
888 2095 1149 2162 forsitan
1185 2097 1251 2161 et
1280 2097 1514 2161 bonum
1548 2094 1964 2185 mactationes
1995 2094 2259 2160 minime
2292 2097 2762 2179 peragebantur

677 2202 738 2266 in
771 2202 1015 2284 templo
1061 2200 1219 2284 ipso.
1255 2238 1335 2246 —
1369 2199 1608 2279 Quibus
1639 2199 1850 2263 autem
1893 2198 2163 2282 cognitis
2211 2200 2474 2267 minime
2506 2219 2757 2267 summo

677 2325 817 2372 cum
848 2304 983 2370 iure
1015 2303 1256 2371 iudices
1288 2303 1501 2369 omnia
1524 2302 1866 2368 Mithriaca
1894 2301 2081 2367 huius
2111 2302 2238 2367 fere
2270 2303 2463 2369 fuisse
2493 2303 2754 2370 formae.
2801 2322 2808 2325 ’

677 2411 838 2476 Mihi
893 2409 1157 2495 quidem·
1202 2408 1449 2475 constat
1514 2425 1817 2491 persaepe
1877 2406 2114 2472 cultum
2182 2407 2250 2471 in
2303 2407 2505 2473 antris
2569 2411 2754 2477 modo

641 2515 1031 2581 ‘inaccurate
1080 2513 1323 2580 effossis
1369 2532 1504 2579 esse
1551 2511 2003 2594 perpetratum.

873 2664 876 2667 ’
928 2667 1444 2741 Simulac'ra
1495 2668 1682 2738 libri
1738 2667 2056 2737 indicis
2107 2667 2491 2738 secundi

1409 2775 2026 2854 exponuntur.

849 2896 1101 2980 Lajardi
1158 2916 1213 2965 v,
1258 2898 1313 2965 d.
1363 2896 1560 2980 igitur
1619 2894 1780 2959 libro
1829 2894 2211 2976 pertractato
2257 2894 2475 2977 paucis
2538 2894 2746 2960 inves-

676 3001 936 3085 tiganda
981 3003 1079 3065 est
1121 2999 1355 3079 tabula,
1404 3018 1561 3082 quae
1601 2996 1765 3063 libro
1800 2996 2029 3063 indicis
2062 2995 2332 3062 secundo
2364 2999 2463 3063 est
2493 2998 2744 3066 inserta.

677 3106 963 3187 Scriptor
1023 3103 1192 3168 enim
1254 3103 1455 3168 multa
1502 3103 1655 3168 dans
1701 3102 2039 3167 simulacra
2097 3099 2471 3167 animalium
2532 3104 2601 3167 et
2660 3102 2744 3165 in‘

675 3211 1188 3286 strumentorum,
1260 3209 1335 3273 de
1414 3226 1629 3272 eorum
1702 3204 1945 3289 origine
2016 3204 2355 3270 Mithriaca
2432 3204 2748 3271 renuntiat

674 3314 871 3397 plura.
922 3314 1011 3379 At
1033 3313 1204 3397 quin,
1236 3331 1395 3396 quae
1429 3310 1715 3394 exposita
1744 3308 2066 3389 habemus,
2097 3309 2178 3373 ad
2203 3307 2475 3375 Mithrae
2509 3308 2741 3374 cultum

679 3419 941 3483 minime
987 3416 1371 3500 pertineant,
1420 3415 1682 3480 dubium
1728 3434 1852 3480 non
1899 3415 2015 3492 est,
2079 3413 2198 3478 etsi
2246 3413 2464 3496 negari
2512 3414 2743 3495 nequit,

677 3521 1030 3605 complures
1076 3541 1229 3605 prae
1277 3520 1546 3586 caeteris
1594 3521 1807 3584 autem
1853 3517 2135 3602 gladium
2191 3535 2308 3581 neo
2353 3536 2479 3582 non
2525 3518 2745 3582 bovem

677 3627 910 3693 formas
977 3644 1125 3707 prae
1184 3644 1250 3689 se
1311 3624 1494 3704 ferre,
1560 3643 1714 3706 quae
1775 3623 1852 3687 ab
1910 3620 2388 3688 Mithriacorum
2444 3639 2562 3686 usu
2626 3639 2745 3686 non

676 3732 1004 3819 videantur
1051 3729 1408 3794 abhorrere.

831 3864 1470 3950 Simulacrum,
1520 3867 1634 3935 de
1688 3884 1870 3946 quo
1924 3864 2184 3945 plura
2233 3863 2314 3932 in
2370 3862 2596 3932 libro

679 3973 1044 4043 decimo
1098 3976 1375 4042 sexto
1430 3970 1747 4040 indicis
1788 3969 2174 4051 invenis,
2209 3964 2742 4047 explicatur.
2831 4021 2840 4030 .

846 4091 1334 4177 Progrediamur
1394 4093 1591 4177 igitur
1645 4092 1841 4157 liceat
1900 4091 1982 4155 ad
2046 4089 2204 4155 illud
2260 4086 2573 4169 optimum
2629 4087 2745 4153 Mi·
2831 4129 2838 4142 .

675 4196 986 4263 thriacum
1064 4198 1228 4280 quod
1295 4197 1359 4261 in
1424 4196 1589 4261 libro
1647 4195 1791 4259 XVI
1852 4194 2083 4260 indicis
2140 4193 2347 4258 exstat
2405 4191 2626 4257 fictum
2685 4191 2745 4258 et
