<?xml version="1.0" encoding="UTF-8"?>
<!DOCTYPE html PUBLIC "-//W3C//DTD XHTML 1.0 Transitional//EN"
    "http://www.w3.org/TR/xhtml1/DTD/xhtml1-transitional.dtd">
<html xmlns="http://www.w3.org/1999/xhtml" xml:lang="en" lang="en">
 <head>
  <title>
</title>
<meta http-equiv="Content-Type" content="text/html;charset=utf-8" />
  <meta name='ocr-system' content='tesseract 3.04.00' />
  <meta name='ocr-capabilities' content='ocr_page ocr_carea ocr_par ocr_line ocrx_word'/>
</head>
<body>
  <div class='ocr_page' id='page_1' title='image "./demithraedeisol00fabrgoog_0052.png"; bbox 0 0 2925 4802; ppageno 0'>
   <div class='ocr_carea' id='block_1_1' title="bbox 549 1676 2872 1971">
    <p class='ocr_par' dir='ltr' id='par_1_1' title="bbox 549 1676 2872 1971">
     <span class='ocr_line' id='line_1_1' title="bbox 549 1676 2870 1762; baseline -0 -18"><span class='ocrx_word' id='word_1_1' title='bbox 549 1716 555 1731; x_wconf 94' lang='lat'><em>·</em></span> <span class='ocrx_word' id='word_1_2' title='bbox 664 1680 771 1744; x_wconf 93' lang='lat' dir='ltr'><strong>diu</strong></span> <span class='ocrx_word' id='word_1_3' title='bbox 808 1682 1241 1745; x_wconf 86' lang='lat' dir='ltr'><strong>conservatum</strong></span> <span class='ocrx_word' id='word_1_4' title='bbox 1275 1682 1351 1745; x_wconf 92' lang='lat' dir='ltr'><strong>ab</strong></span> <span class='ocrx_word' id='word_1_5' title='bbox 1378 1700 1472 1760; x_wconf 93' lang='lat' dir='ltr'><strong>eo,</strong></span> <span class='ocrx_word' id='word_1_6' title='bbox 1508 1680 1614 1762; x_wconf 91' lang='lat' dir='ltr'><strong>qui</strong></span> <span class='ocrx_word' id='word_1_7' title='bbox 1655 1699 1767 1761; x_wconf 90' lang='lat' dir='ltr'><strong>per</strong></span> <span class='ocrx_word' id='word_1_8' title='bbox 1801 1680 2151 1761; x_wconf 87' lang='lat' dir='ltr'><strong>provincias</strong></span> <span class='ocrx_word' id='word_1_9' title='bbox 2183 1679 2443 1761; x_wconf 90' lang='lat' dir='ltr'><strong>imperii</strong></span> <span class='ocrx_word' id='word_1_10' title='bbox 2469 1680 2741 1745; x_wconf 87' lang='lat' dir='ltr'><strong>Romani</strong></span> <span class='ocrx_word' id='word_1_11' title='bbox 2867 1676 2870 1709; x_wconf 77' lang='grc'><em>“</em></span> 
     </span>
     <span class='ocr_line' id='line_1_2' title="bbox 665 1783 2872 1866; baseline 0.002 -19"><span class='ocrx_word' id='word_1_12' title='bbox 665 1786 830 1848; x_wconf 89' lang='lat' dir='ltr'><strong>esset</strong></span> <span class='ocrx_word' id='word_1_13' title='bbox 906 1783 1152 1864; x_wconf 77' lang='lat' dir='ltr'><strong>dilatuS,</strong></span> <span class='ocrx_word' id='word_1_14' title='bbox 1230 1804 1354 1850; x_wconf 90' lang='lat' dir='ltr'><strong>non</strong></span> <span class='ocrx_word' id='word_1_15' title='bbox 1430 1783 1609 1849; x_wconf 86' lang='lat' dir='ltr'><strong>valde</strong></span> <span class='ocrx_word' id='word_1_16' title='bbox 1680 1785 2014 1849; x_wconf 79' lang='lat' dir='ltr'><strong>abhorrere</strong></span> <span class='ocrx_word' id='word_1_17' title='bbox 2083 1799 2449 1866; x_wconf 81' lang='lat' dir='ltr'><strong>cognoscas,</strong></span> <span class='ocrx_word' id='word_1_18' title='bbox 2555 1785 2741 1861; x_wconf 84' lang='lat' dir='ltr'><strong>Nam,</strong></span> <span class='ocrx_word' id='word_1_19' title='bbox 2869 1830 2872 1851; x_wconf 34' lang='grc'><strong>1,</strong></span> 
     </span>
     <span class='ocr_line' id='line_1_3' title="bbox 662 1866 2872 1971; baseline -0 -18"><span class='ocrx_word' id='word_1_20' title='bbox 662 1888 845 1953; x_wconf 88' lang='lat' dir='ltr'><strong>thure</strong></span> <span class='ocrx_word' id='word_1_21' title='bbox 893 1889 1216 1953; x_wconf 90' lang='lat' dir='ltr'><strong>combusto</strong></span> <span class='ocrx_word' id='word_1_22' title='bbox 1263 1892 1545 1971; x_wconf 84' lang='lat' dir='ltr'><strong>excepto,</strong></span> <span class='ocrx_word' id='word_1_23' title='bbox 1596 1888 1671 1953; x_wconf 89' lang='lat' dir='ltr'><strong>de</strong></span> <span class='ocrx_word' id='word_1_24' title='bbox 1721 1889 2011 1954; x_wconf 90' lang='lat' dir='ltr'><strong>omnibus</strong></span> <span class='ocrx_word' id='word_1_25' title='bbox 2059 1888 2352 1971; x_wconf 89' lang='lat' dir='ltr'><strong>cognitis,</strong></span> <span class='ocrx_word' id='word_1_26' title='bbox 2399 1887 2473 1951; x_wconf 92' lang='lat' dir='ltr'><strong>id</strong></span> <span class='ocrx_word' id='word_1_27' title='bbox 2501 1891 2624 1953; x_wconf 85' lang='lat' dir='ltr'><strong>-est</strong></span> <span class='ocrx_word' id='word_1_28' title='bbox 2669 1889 2742 1952; x_wconf 89' lang='lat' dir='ltr'><strong>de</strong></span> <span class='ocrx_word' id='word_1_29' title='bbox 2871 1866 2872 1891; x_wconf 49' lang='lat'>¹</span> 
     </span>
    </p>
   </div>
   <div class='ocr_carea' id='block_1_2' title="bbox 181 2621 594 2676">
    <p class='ocr_par' dir='ltr' id='par_1_2' title="bbox 181 2621 594 2676">
     <span class='ocr_line' id='line_1_4' title="bbox 181 2621 594 2676; baseline 0 -1"><span class='ocrx_word' id='word_1_30' title='bbox 181 2621 302 2676; x_wconf 81' lang='lat' dir='ltr'><strong>XXX.</strong></span> <span class='ocrx_word' id='word_1_31' title='bbox 339 2621 485 2674; x_wconf 81' lang='lat' dir='ltr'><strong>XXXI.</strong></span> <span class='ocrx_word' id='word_1_32' title='bbox 508 2621 594 2675; x_wconf 85' lang='lat' dir='ltr'><strong>So-</strong></span> 
     </span>
    </p>
   </div>
   <div class='ocr_carea' id='block_1_3' title="bbox 183 2690 594 2814">
    <p class='ocr_par' dir='ltr' id='par_1_3' title="bbox 183 2690 594 2814">
     <span class='ocr_line' id='line_1_5' title="bbox 183 2690 594 2745; baseline 0 0"><span class='ocrx_word' id='word_1_33' title='bbox 183 2698 345 2745; x_wconf 81' lang='lat' dir='ltr'><strong>crates</strong></span> <span class='ocrx_word' id='word_1_34' title='bbox 370 2694 422 2744; x_wconf 90' lang='lat' dir='ltr'><strong>et</strong></span> <span class='ocrx_word' id='word_1_35' title='bbox 449 2690 594 2745; x_wconf 90' lang='lat' dir='ltr'><strong>Sozo-</strong></span> 
     </span>
     <span class='ocr_line' id='line_1_6' title="bbox 298 2776 490 2814; baseline 0.01 -2"><span class='ocrx_word' id='word_1_36' title='bbox 298 2776 490 2814; x_wconf 81' lang='lat' dir='ltr'><strong>meuus,</strong></span> 
     </span>
    </p>
   </div>
   <div class='ocr_carea' id='block_1_4' title="bbox 1650 283 1863 391">
    <p class='ocr_par' dir='ltr' id='par_1_4' title="bbox 1650 283 1863 391">
     <span class='ocr_line' id='line_1_7' title="bbox 1650 283 1863 391; baseline 0.014 -3"><span class='ocrx_word' id='word_1_37' title='bbox 1650 283 1863 391; x_wconf 40' lang='lat'><strong>48‘</strong></span> 
     </span>
    </p>
   </div>
   <div class='ocr_carea' id='block_1_5' title="bbox 2645 71 2868 597">
    <p class='ocr_par' dir='ltr' id='par_1_5' title="bbox 2645 71 2868 597">
     <span class='ocr_line' id='line_1_8' title="bbox 2645 71 2868 597; baseline 0 0"><span class='ocrx_word' id='word_1_38' title='bbox 2645 71 2868 597; x_wconf 95' lang='lat' dir='ltr'><strong>  </strong></span> 
     </span>
    </p>
   </div>
   <div class='ocr_carea' id='block_1_6' title="bbox 1627 415 1848 423">
    <p class='ocr_par' dir='ltr' id='par_1_6' title="bbox 1627 415 1848 423">
     <span class='ocr_line' id='line_1_9' title="bbox 1627 415 1848 423; baseline 0 4379"><span class='ocrx_word' id='word_1_39' title='bbox 1627 415 1848 423; x_wconf 95' lang='lat' dir='ltr'><strong> </strong></span> 
     </span>
    </p>
   </div>
   <div class='ocr_carea' id='block_1_7' title="bbox 659 531 2832 1329">
    <p class='ocr_par' dir='ltr' id='par_1_7' title="bbox 659 531 2832 1329">
     <span class='ocr_line' id='line_1_10' title="bbox 660 531 2730 620; baseline 0.005 -26"><span class='ocrx_word' id='word_1_40' title='bbox 660 531 953 598; x_wconf 88' lang='lat' dir='ltr'><strong>iuvencos</strong></span> <span class='ocrx_word' id='word_1_41' title='bbox 1016 534 1331 598; x_wconf 86' lang='lat' dir='ltr'><strong>mactatos</strong></span> <span class='ocrx_word' id='word_1_42' title='bbox 1391 550 1528 598; x_wconf 89' lang='lat' dir='ltr'><strong>esse</strong></span> <span class='ocrx_word' id='word_1_43' title='bbox 1592 552 1717 597; x_wconf 92' lang='lat' dir='ltr'><strong>non</strong></span> <span class='ocrx_word' id='word_1_44' title='bbox 1780 535 2003 614; x_wconf 92' lang='lat' dir='ltr'><strong>solum,</strong></span> <span class='ocrx_word' id='word_1_45' title='bbox 2069 555 2208 600; x_wconf 91' lang='lat' dir='ltr'><strong>cum</strong></span> <span class='ocrx_word' id='word_1_46' title='bbox 2277 537 2437 603; x_wconf 90' lang='lat' dir='ltr'><strong>Belo</strong></span> <span class='ocrx_word' id='word_1_47' title='bbox 2498 557 2730 620; x_wconf 87' lang='lat' dir='ltr'><strong>quoqne</strong></span> 
     </span>
     <span class='ocr_line' id='line_1_11' title="bbox 660 636 2731 714; baseline 0.002 -15"><span class='ocrx_word' id='word_1_48' title='bbox 660 636 782 701; x_wconf 90' lang='lat' dir='ltr'><strong>hoc</strong></span> <span class='ocrx_word' id='word_1_49' title='bbox 827 636 965 702; x_wconf 92' lang='lat' dir='ltr'><strong>loco</strong></span> <span class='ocrx_word' id='word_1_50' title='bbox 1000 638 1385 702; x_wconf 86' lang='lat' dir='ltr'><strong>necarentur</strong></span> <span class='ocrx_word' id='word_1_51' title='bbox 1427 638 1640 714; x_wconf 77' lang='lat' dir='ltr'><strong>boveS,</strong></span> <span class='ocrx_word' id='word_1_52' title='bbox 1701 647 1953 703; x_wconf 81' lang='lat' dir='ltr'><strong>auctore</strong></span> <span class='ocrx_word' id='word_1_53' title='bbox 2003 638 2353 705; x_wconf 85' lang='lat' dir='ltr'><strong>Claudiano</strong></span> <span class='ocrx_word' id='word_1_54' title='bbox 2401 641 2731 705; x_wconf 82' lang='lat' dir='ltr'><strong>verisimile</strong></span> 
     </span>
     <span class='ocr_line' id='line_1_12' title="bbox 661 740 2731 824; baseline 0.002 -21"><span class='ocrx_word' id='word_1_55' title='bbox 661 741 777 817; x_wconf 93' lang='lat' dir='ltr'><strong>est,</strong></span> <span class='ocrx_word' id='word_1_56' title='bbox 834 740 941 805; x_wconf 89' lang='lat' dir='ltr'><strong>sed</strong></span> <span class='ocrx_word' id='word_1_57' title='bbox 1000 742 1192 805; x_wconf 85' lang='lat' dir='ltr'><strong>etiam</strong></span> <span class='ocrx_word' id='word_1_58' title='bbox 1252 759 1318 804; x_wconf 93' lang='lat' dir='ltr'><strong>re</strong></span> <span class='ocrx_word' id='word_1_59' title='bbox 1365 759 1514 805; x_wconf 87' lang='lat' dir='ltr'><strong>vera</strong></span> <span class='ocrx_word' id='word_1_60' title='bbox 1559 740 1750 806; x_wconf 85' lang='lat' dir='ltr'><strong>statui</strong></span> <span class='ocrx_word' id='word_1_61' title='bbox 1797 744 2026 824; x_wconf 74' lang='lat' dir='ltr'><strong>potest,</strong></span> <span class='ocrx_word' id='word_1_62' title='bbox 2089 760 2229 806; x_wconf 91' lang='lat' dir='ltr'><strong>cum</strong></span> <span class='ocrx_word' id='word_1_63' title='bbox 2286 745 2353 808; x_wconf 89' lang='lat' dir='ltr'><strong>et</strong></span> <span class='ocrx_word' id='word_1_64' title='bbox 2397 745 2731 822; x_wconf 83' lang='lat' dir='ltr'><strong>Romanos,</strong></span> 
     </span>
     <span class='ocr_line' id='line_1_13' title="bbox 661 843 2733 925; baseline 0.003 -18"><span class='ocrx_word' id='word_1_65' title='bbox 661 843 884 925; x_wconf 85' lang='lat' dir='ltr'><strong>quibus</strong></span> <span class='ocrx_word' id='word_1_66' title='bbox 953 845 1096 910; x_wconf 90' lang='lat' dir='ltr'><strong>Beli</strong></span> <span class='ocrx_word' id='word_1_67' title='bbox 1165 865 1289 910; x_wconf 92' lang='lat' dir='ltr'><strong>non</strong></span> <span class='ocrx_word' id='word_1_68' title='bbox 1362 847 1497 909; x_wconf 88' lang='lat' dir='ltr'><strong>erat</strong></span> <span class='ocrx_word' id='word_1_69' title='bbox 1557 846 1791 923; x_wconf 82' lang='lat' dir='ltr'><strong>cultus,</strong></span> <span class='ocrx_word' id='word_1_70' title='bbox 1860 847 2055 911; x_wconf 85' lang='lat' dir='ltr'><strong>boves</strong></span> <span class='ocrx_word' id='word_1_71' title='bbox 2121 847 2203 911; x_wconf 92' lang='lat' dir='ltr'><strong>ad</strong></span> <span class='ocrx_word' id='word_1_72' title='bbox 2249 847 2458 912; x_wconf 91' lang='lat' dir='ltr'><strong>Deum</strong></span> <span class='ocrx_word' id='word_1_73' title='bbox 2532 848 2733 914; x_wconf 86' lang='lat' dir='ltr'><strong>Solem</strong></span> 
     </span>
     <span class='ocr_line' id='line_1_14' title="bbox 661 948 2736 1033; baseline 0.003 -23"><span class='ocrx_word' id='word_1_74' title='bbox 661 948 993 1013; x_wconf 88' lang='lat' dir='ltr'><strong>colendum</strong></span> <span class='ocrx_word' id='word_1_75' title='bbox 1040 949 1403 1014; x_wconf 82' lang='lat' dir='ltr'>immolasse</span> <span class='ocrx_word' id='word_1_76' title='bbox 1449 949 1765 1015; x_wconf 86' lang='lat' dir='ltr'><strong>affirment</strong></span> <span class='ocrx_word' id='word_1_77' title='bbox 1811 951 2166 1033; x_wconf 74' lang='lat' dir='ltr'><strong>scriptores,</strong></span> <span class='ocrx_word' id='word_1_78' title='bbox 2267 950 2485 1015; x_wconf 90' lang='lat' dir='ltr'><strong>Verba</strong></span> <span class='ocrx_word' id='word_1_79' title='bbox 2535 953 2736 1017; x_wconf 89' lang='lat' dir='ltr'><strong>autem</strong></span> 
     </span>
     <span class='ocr_line' id='line_1_15' title="bbox 660 1051 2832 1133; baseline -0 -17"><span class='ocrx_word' id='word_1_80' title='bbox 660 1051 983 1133; x_wconf 82' lang='lat' dir='ltr'><strong>scriptoris</strong></span> <span class='ocrx_word' id='word_1_81' title='bbox 1050 1073 1162 1118; x_wconf 90' lang='lat' dir='ltr'><strong>nos</strong></span> <span class='ocrx_word' id='word_1_82' title='bbox 1225 1054 1454 1119; x_wconf 79' lang='lat' dir='ltr'><strong>docent</strong></span> <span class='ocrx_word' id='word_1_83' title='bbox 1516 1054 1811 1118; x_wconf 85' lang='lat' dir='ltr'><strong>maximis</strong></span> <span class='ocrx_word' id='word_1_84' title='bbox 1854 1053 2200 1120; x_wconf 80' lang='lat' dir='ltr'><strong>honoribus</strong></span> <span class='ocrx_word' id='word_1_85' title='bbox 2244 1056 2383 1127; x_wconf 85' lang='lat' dir='ltr'><strong>tum</strong></span> <span class='ocrx_word' id='word_1_86' title='bbox 2436 1055 2736 1120; x_wconf 88' lang='lat' dir='ltr'><strong>Mithram</strong></span> <span class='ocrx_word' id='word_1_87' title='bbox 2827 1110 2832 1115; x_wconf 89' lang='lat'><strong>.</strong></span> 
     </span>
     <span class='ocr_line' id='line_1_16' title="bbox 659 1156 2738 1244; baseline 0.002 -24"><span class='ocrx_word' id='word_1_88' title='bbox 659 1156 941 1221; x_wconf 88' lang='lat' dir='ltr'><strong>floruisse</strong></span> <span class='ocrx_word' id='word_1_89' title='bbox 1003 1158 1169 1239; x_wconf 90' lang='lat' dir='ltr'><strong>apud</strong></span> <span class='ocrx_word' id='word_1_90' title='bbox 1214 1157 1475 1244; x_wconf 29' lang='lat' dir='ltr'><strong>‘Persas</strong></span> <span class='ocrx_word' id='word_1_91' title='bbox 1525 1177 1664 1222; x_wconf 90' lang='lat' dir='ltr'><strong>cum</strong></span> <span class='ocrx_word' id='word_1_92' title='bbox 1726 1159 1908 1223; x_wconf 86' lang='lat' dir='ltr'><strong>tanta</strong></span> <span class='ocrx_word' id='word_1_93' title='bbox 1951 1159 2019 1223; x_wconf 90' lang='lat' dir='ltr'><strong>in</strong></span> <span class='ocrx_word' id='word_1_94' title='bbox 2077 1179 2146 1224; x_wconf 88' lang='lat' dir='ltr'><strong>re</strong></span> <span class='ocrx_word' id='word_1_95' title='bbox 2191 1177 2318 1225; x_wconf 89' lang='lat' dir='ltr'><strong>una</strong></span> <span class='ocrx_word' id='word_1_96' title='bbox 2374 1179 2527 1224; x_wconf 93' lang='lat' dir='ltr'><strong>cum</strong></span> <span class='ocrx_word' id='word_1_97' title='bbox 2577 1161 2738 1226; x_wconf 88' lang='lat' dir='ltr'><strong>urbis</strong></span> 
     </span>
     <span class='ocr_line' id='line_1_17' title="bbox 662 1261 2740 1329; baseline 0.001 -4"><span class='ocrx_word' id='word_1_98' title='bbox 662 1262 983 1327; x_wconf 89' lang='lat' dir='ltr'><strong>ocnditore</strong></span> <span class='ocrx_word' id='word_1_99' title='bbox 1035 1262 1193 1327; x_wconf 91' lang='lat' dir='ltr'><strong>Belo</strong></span> <span class='ocrx_word' id='word_1_100' title='bbox 1258 1261 1315 1327; x_wconf 91' lang='lat' dir='ltr'><strong>ei</strong></span> <span class='ocrx_word' id='word_1_101' title='bbox 1376 1263 1852 1329; x_wconf 88' lang='lat' dir='ltr'><strong>sacrificaretur.</strong></span> <span class='ocrx_word' id='word_1_102' title='bbox 1955 1263 2222 1328; x_wconf 87' lang='lat' dir='ltr'><strong>Minime</strong></span> <span class='ocrx_word' id='word_1_103' title='bbox 2284 1264 2501 1328; x_wconf 86' lang='lat' dir='ltr'><strong>autem</strong></span> <span class='ocrx_word' id='word_1_104' title='bbox 2570 1264 2740 1329; x_wconf 88' lang='lat' dir='ltr'><strong>huius</strong></span> 
     </span>
    </p>
   </div>
   <div class='ocr_carea' id='block_1_8' title="bbox 662 1365 2868 1448">
    <p class='ocr_par' dir='ltr' id='par_1_8' title="bbox 662 1365 2868 1448">
     <span class='ocr_line' id='line_1_18' title="bbox 662 1365 2868 1448; baseline 0.001 -19"><span class='ocrx_word' id='word_1_105' title='bbox 662 1366 756 1430; x_wconf 91' lang='lat' dir='ltr'><strong>rei</strong></span> <span class='ocrx_word' id='word_1_106' title='bbox 807 1366 1013 1443; x_wconf 89' lang='lat' dir='ltr'><strong>testis,</strong></span> <span class='ocrx_word' id='word_1_107' title='bbox 1071 1366 1175 1448; x_wconf 92' lang='lat' dir='ltr'><strong>qui</strong></span> <span class='ocrx_word' id='word_1_108' title='bbox 1221 1365 1498 1431; x_wconf 76' lang='lat' dir='ltr'>Mithrae</span> <span class='ocrx_word' id='word_1_109' title='bbox 1547 1386 1583 1429; x_wconf 86' lang='lat' dir='ltr'><strong>a</strong></span> <span class='ocrx_word' id='word_1_110' title='bbox 1626 1367 1929 1431; x_wconf 85' lang='lat' dir='ltr'><strong>Romanis</strong></span> <span class='ocrx_word' id='word_1_111' title='bbox 1978 1368 2303 1448; x_wconf 89' lang='lat' dir='ltr'><strong>peractum</strong></span> <span class='ocrx_word' id='word_1_112' title='bbox 2353 1367 2603 1432; x_wconf 88' lang='lat' dir='ltr'><strong>cultum</strong></span> <span class='ocrx_word' id='word_1_113' title='bbox 2648 1387 2742 1433; x_wconf 89' lang='lat' dir='ltr'><strong>ac-</strong></span> <span class='ocrx_word' id='word_1_114' title='bbox 2865 1410 2868 1431; x_wconf 84' lang='lat'><em>.</em></span> 
     </span>
    </p>
   </div>
   <div class='ocr_carea' id='block_1_9' title="bbox 660 1470 2870 1656">
    <p class='ocr_par' dir='ltr' id='par_1_9' title="bbox 660 1470 2870 1656">
     <span class='ocr_line' id='line_1_19' title="bbox 662 1470 2870 1556; baseline 0.001 -23"><span class='ocrx_word' id='word_1_115' title='bbox 662 1470 934 1533; x_wconf 86' lang='lat' dir='ltr'><strong>curatius</strong></span> <span class='ocrx_word' id='word_1_116' title='bbox 1009 1472 1419 1553; x_wconf 76' lang='lat' dir='ltr'><strong>cognovisset,</strong></span> <span class='ocrx_word' id='word_1_117' title='bbox 1485 1470 1692 1536; x_wconf 86' lang='lat' dir='ltr'><strong>verbis</strong></span> <span class='ocrx_word' id='word_1_118' title='bbox 1763 1490 1906 1535; x_wconf 87' lang='lat' dir='ltr'><strong>usus</strong></span> <span class='ocrx_word' id='word_1_119' title='bbox 1964 1471 2132 1535; x_wconf 89' lang='lat' dir='ltr'><strong>esset</strong></span> <span class='ocrx_word' id='word_1_120' title='bbox 2197 1493 2363 1556; x_wconf 74' lang='lat' dir='ltr'><strong>vaqa</strong></span> <span class='ocrx_word' id='word_1_121' title='bbox 2408 1473 2740 1536; x_wconf 74' lang='lat' dir='ltr'><strong>volventem</strong></span> <span class='ocrx_word' id='word_1_122' title='bbox 2867 1524 2870 1549; x_wconf 69' lang='grc'>,</span> 
     </span>
     <span class='ocr_line' id='line_1_20' title="bbox 660 1556 2870 1656; baseline 0.001 -20"><span class='ocrx_word' id='word_1_123' title='bbox 660 1573 892 1639; x_wconf 76' lang='lat' dir='ltr'><strong>sidera.</strong></span> <span class='ocrx_word' id='word_1_124' title='bbox 961 1573 1196 1653; x_wconf 84' lang='lat' dir='ltr'><strong>Quibus</strong></span> <span class='ocrx_word' id='word_1_125' title='bbox 1242 1575 1532 1639; x_wconf 90' lang='lat' dir='ltr'><strong>omnibus</strong></span> <span class='ocrx_word' id='word_1_126' title='bbox 1580 1575 1883 1656; x_wconf 81' lang='lat' dir='ltr'><strong>expositis</strong></span> <span class='ocrx_word' id='word_1_127' title='bbox 1940 1574 2174 1640; x_wconf 91' lang='lat' dir='ltr'><strong>cultum</strong></span> <span class='ocrx_word' id='word_1_128' title='bbox 2230 1575 2396 1640; x_wconf 87' lang='lat' dir='ltr'><strong>Solis</strong></span> <span class='ocrx_word' id='word_1_129' title='bbox 2444 1595 2484 1641; x_wconf 89' lang='lat' dir='ltr'><strong>a</strong></span> <span class='ocrx_word' id='word_1_130' title='bbox 2529 1576 2741 1641; x_wconf 88' lang='lat' dir='ltr'><strong>Persis</strong></span> <span class='ocrx_word' id='word_1_131' title='bbox 2869 1556 2870 1575; x_wconf 46' lang='lat'>¹</span> 
     </span>
    </p>
   </div>
   <div class='ocr_carea' id='block_1_10' title="bbox 662 1991 2753 2492">
    <p class='ocr_par' dir='ltr' id='par_1_10' title="bbox 662 1991 2753 2492">
     <span class='ocr_line' id='line_1_21' title="bbox 663 1991 2744 2073; baseline 0.001 -19"><span class='ocrx_word' id='word_1_132' title='bbox 663 1991 799 2073; x_wconf 86' lang='lat' dir='ltr'><strong>igni</strong></span> <span class='ocrx_word' id='word_1_133' title='bbox 830 1993 1095 2070; x_wconf 87' lang='lat' dir='ltr'><strong>sacrato,</strong></span> <span class='ocrx_word' id='word_1_134' title='bbox 1146 1994 1222 2058; x_wconf 90' lang='lat' dir='ltr'><strong>de</strong></span> <span class='ocrx_word' id='word_1_135' title='bbox 1257 1992 1584 2073; x_wconf 87' lang='lat' dir='ltr'><strong>sanguinis</strong></span> <span class='ocrx_word' id='word_1_136' title='bbox 1635 1993 1743 2057; x_wconf 87' lang='lat' dir='ltr'><strong>aut</strong></span> <span class='ocrx_word' id='word_1_137' title='bbox 1788 1992 1921 2057; x_wconf 87' lang='lat' dir='ltr'><strong>vini</strong></span> <span class='ocrx_word' id='word_1_138' title='bbox 1953 1991 2260 2057; x_wconf 72' lang='lat' dir='ltr'><strong>libatione</strong></span> <span class='ocrx_word' id='word_1_139' title='bbox 2305 1993 2436 2056; x_wconf 91' lang='lat' dir='ltr'><strong>iam</strong></span> <span class='ocrx_word' id='word_1_140' title='bbox 2472 1993 2744 2058; x_wconf 90' lang='lat' dir='ltr'><strong>aliorum</strong></span> 
     </span>
     <span class='ocr_line' id='line_1_22' title="bbox 665 2095 2751 2181; baseline 0.001 -21"><span class='ocrx_word' id='word_1_141' title='bbox 665 2096 1035 2161; x_wconf 89' lang='lat' dir='ltr'><strong>testimonia</strong></span> <span class='ocrx_word' id='word_1_142' title='bbox 1065 2097 1444 2178; x_wconf 89' lang='lat' dir='ltr'><strong>scriptorum</strong></span> <span class='ocrx_word' id='word_1_143' title='bbox 1493 2095 1940 2162; x_wconf 69' lang='lat' dir='ltr'><strong>intelleximus</strong></span> <span class='ocrx_word' id='word_1_144' title='bbox 2010 2097 2250 2160; x_wconf 85' lang='lat' dir='ltr'><strong>Tamen</strong></span> <span class='ocrx_word' id='word_1_145' title='bbox 2298 2096 2496 2160; x_wconf 90' lang='lat' dir='ltr'><strong>stulte</strong></span> <span class='ocrx_word' id='word_1_146' title='bbox 2557 2099 2751 2181; x_wconf 89' lang='lat' dir='ltr'><strong>atque</strong></span> 
     </span>
     <span class='ocr_line' id='line_1_23' title="bbox 665 2200 2752 2285; baseline 0.001 -21"><span class='ocrx_word' id='word_1_147' title='bbox 665 2202 880 2265; x_wconf 89' lang='lat' dir='ltr'><strong>insane</strong></span> <span class='ocrx_word' id='word_1_148' title='bbox 943 2218 1047 2264; x_wconf 93' lang='lat' dir='ltr'><strong>eos</strong></span> <span class='ocrx_word' id='word_1_149' title='bbox 1092 2201 1431 2266; x_wconf 79' lang='lat' dir='ltr'><strong>Mithriaca</strong></span> <span class='ocrx_word' id='word_1_150' title='bbox 1473 2201 1759 2265; x_wconf 86' lang='lat' dir='ltr'><strong>Romana</strong></span> <span class='ocrx_word' id='word_1_151' title='bbox 1820 2200 2202 2283; x_wconf 88' lang='lat' dir='ltr'><strong>investigare</strong></span> <span class='ocrx_word' id='word_1_152' title='bbox 2276 2200 2576 2280; x_wconf 88' lang='lat' dir='ltr'><strong>decerno,</strong></span> <span class='ocrx_word' id='word_1_153' title='bbox 2645 2203 2752 2285; x_wconf 91' lang='lat' dir='ltr'><strong>qui</strong></span> 
     </span>
     <span class='ocr_line' id='line_1_24' title="bbox 662 2303 2753 2388; baseline 0.001 -21"><span class='ocrx_word' id='word_1_154' title='bbox 662 2305 997 2368; x_wconf 87' lang='lat' dir='ltr'><strong>Persarum</strong></span> <span class='ocrx_word' id='word_1_155' title='bbox 1031 2305 1152 2368; x_wconf 90' lang='lat' dir='ltr'><strong>Dei</strong></span> <span class='ocrx_word' id='word_1_156' title='bbox 1183 2303 1453 2369; x_wconf 87' lang='lat' dir='ltr'><strong>Mithrae</strong></span> <span class='ocrx_word' id='word_1_157' title='bbox 1502 2305 1736 2369; x_wconf 86' lang='lat' dir='ltr'><strong>cultum</strong></span> <span class='ocrx_word' id='word_1_158' title='bbox 1784 2304 2078 2370; x_wconf 89' lang='lat' dir='ltr'><strong>idoneum</strong></span> <span class='ocrx_word' id='word_1_159' title='bbox 2127 2305 2379 2383; x_wconf 89' lang='lat' dir='ltr'><strong>ducant,</strong></span> <span class='ocrx_word' id='word_1_160' title='bbox 2430 2305 2540 2387; x_wconf 86' lang='lat' dir='ltr'><strong>qui</strong></span> <span class='ocrx_word' id='word_1_161' title='bbox 2593 2325 2753 2388; x_wconf 88' lang='lat' dir='ltr'><strong>quae</strong></span> 
     </span>
     <span class='ocr_line' id='line_1_25' title="bbox 666 2411 2350 2492; baseline 0.002 -18"><span class='ocrx_word' id='word_1_162' title='bbox 666 2411 732 2475; x_wconf 93' lang='lat' dir='ltr'><strong>in</strong></span> <span class='ocrx_word' id='word_1_163' title='bbox 778 2412 910 2475; x_wconf 93' lang='lat' dir='ltr'><strong>illis</strong></span> <span class='ocrx_word' id='word_1_164' title='bbox 957 2411 1145 2477; x_wconf 91' lang='lat' dir='ltr'><strong>dubia</strong></span> <span class='ocrx_word' id='word_1_165' title='bbox 1190 2413 1300 2476; x_wconf 91' lang='lat' dir='ltr'><strong>aut</strong></span> <span class='ocrx_word' id='word_1_166' title='bbox 1348 2411 1615 2475; x_wconf 89' lang='lat' dir='ltr'><strong>absurda</strong></span> <span class='ocrx_word' id='word_1_167' title='bbox 1659 2412 1990 2476; x_wconf 87' lang='lat' dir='ltr'><strong>videantur</strong></span> <span class='ocrx_word' id='word_1_168' title='bbox 2037 2411 2350 2492; x_wconf 83' lang='lat' dir='ltr'><strong>expediat.</strong></span> 
     </span>
    </p>
   </div>
   <div class='ocr_carea' id='block_1_11' title="bbox 666 2616 2769 4374">
    <p class='ocr_par' dir='ltr' id='par_1_11' title="bbox 666 2616 2769 4374">
     <span class='ocr_line' id='line_1_26' title="bbox 712 2616 2757 2701; baseline -0.001 -16"><span class='ocrx_word' id='word_1_169' title='bbox 712 2698 716 2701; x_wconf 9' lang='grc' dir='ltr'><em>Α</em></span> <span class='ocrx_word' id='word_1_170' title='bbox 837 2620 1061 2685; x_wconf 87' lang='lat' dir='ltr'><strong>Restat</strong></span> <span class='ocrx_word' id='word_1_171' title='bbox 1082 2622 1155 2684; x_wconf 87' lang='lat' dir='ltr'><strong>ut</strong></span> <span class='ocrx_word' id='word_1_172' title='bbox 1176 2618 1428 2683; x_wconf 90' lang='lat' dir='ltr'><strong>uberius</strong></span> <span class='ocrx_word' id='word_1_173' title='bbox 1455 2619 1532 2683; x_wconf 88' lang='lat' dir='ltr'><strong>de</strong></span> <span class='ocrx_word' id='word_1_174' title='bbox 1559 2619 1870 2682; x_wconf 88' lang='lat' dir='ltr'><strong>seditione</strong></span> <span class='ocrx_word' id='word_1_175' title='bbox 1898 2619 1976 2682; x_wconf 91' lang='lat' dir='ltr'><strong>ob</strong></span> <span class='ocrx_word' id='word_1_176' title='bbox 2000 2617 2443 2700; x_wconf 85' lang='lat' dir='ltr'><strong>purgationem</strong></span> <span class='ocrx_word' id='word_1_177' title='bbox 2469 2616 2757 2684; x_wconf 81' lang='lat' dir='ltr'><strong>Alexan-</strong></span> 
     </span>
     <span class='ocr_line' id='line_1_27' title="bbox 666 2723 2758 2804; baseline -0 -15"><span class='ocrx_word' id='word_1_178' title='bbox 666 2725 986 2791; x_wconf 90' lang='lat' dir='ltr'><strong>drinorum</strong></span> <span class='ocrx_word' id='word_1_179' title='bbox 1018 2723 1308 2789; x_wconf 90' lang='lat' dir='ltr'><strong>Mithraei</strong></span> <span class='ocrx_word' id='word_1_180' title='bbox 1335 2726 1550 2789; x_wconf 83' lang='lat' dir='ltr'><strong>exorta</strong></span> <span class='ocrx_word' id='word_1_181' title='bbox 1575 2723 1899 2789; x_wconf 81' lang='lat' dir='ltr'><strong>disseram.</strong></span> <span class='ocrx_word' id='word_1_182' title='bbox 1946 2724 2019 2786; x_wconf 90' lang='lat' dir='ltr'><strong>In</strong></span> <span class='ocrx_word' id='word_1_183' title='bbox 2046 2741 2166 2804; x_wconf 90' lang='lat' dir='ltr'><strong>qua</strong></span> <span class='ocrx_word' id='word_1_184' title='bbox 2199 2741 2266 2786; x_wconf 91' lang='lat' dir='ltr'><strong>re</strong></span> <span class='ocrx_word' id='word_1_185' title='bbox 2292 2723 2758 2803; x_wconf 87' lang='lat' dir='ltr'><strong>perscrutanda</strong></span> 
     </span>
     <span class='ocr_line' id='line_1_28' title="bbox 667 2826 2760 2912; baseline 0 -18"><span class='ocrx_word' id='word_1_186' title='bbox 667 2830 1054 2895; x_wconf 81' lang='lat' dir='ltr'><strong>accuratiore</strong></span> <span class='ocrx_word' id='word_1_187' title='bbox 1104 2829 1497 2912; x_wconf 82' lang='lat' dir='ltr'><strong>expositione</strong></span> <span class='ocrx_word' id='word_1_188' title='bbox 1545 2826 1703 2891; x_wconf 91' lang='lat' dir='ltr'><strong>mihi</strong></span> <span class='ocrx_word' id='word_1_189' title='bbox 1746 2826 2050 2892; x_wconf 88' lang='lat' dir='ltr'><strong>utendum</strong></span> <span class='ocrx_word' id='word_1_190' title='bbox 2097 2829 2209 2905; x_wconf 91' lang='lat' dir='ltr'><strong>est,</strong></span> <span class='ocrx_word' id='word_1_191' title='bbox 2268 2846 2410 2890; x_wconf 90' lang='lat' dir='ltr'><strong>cum</strong></span> <span class='ocrx_word' id='word_1_192' title='bbox 2457 2826 2598 2890; x_wconf 86' lang='lat' dir='ltr'><strong>illis</strong></span> <span class='ocrx_word' id='word_1_193' title='bbox 2652 2849 2760 2894; x_wconf 81' lang='lat' dir='ltr'><strong>ex-</strong></span> 
     </span>
     <span class='ocr_line' id='line_1_29' title="bbox 668 2930 2759 3016; baseline -0.001 -17"><span class='ocrx_word' id='word_1_194' title='bbox 668 2934 891 3016; x_wconf 90' lang='lat' dir='ltr'><strong>positis</strong></span> <span class='ocrx_word' id='word_1_195' title='bbox 954 2934 1294 3015; x_wconf 86' lang='lat' dir='ltr'><strong>scriptores</strong></span> <span class='ocrx_word' id='word_1_196' title='bbox 1342 2931 1659 2996; x_wconf 84' lang='lat' dir='ltr'><strong>affirment</strong></span> <span class='ocrx_word' id='word_1_197' title='bbox 1717 2931 1796 2995; x_wconf 91' lang='lat' dir='ltr'><strong>ad</strong></span> <span class='ocrx_word' id='word_1_198' title='bbox 1863 2930 2269 2998; x_wconf 90' lang='lat' dir='ltr'><strong>Mithriacum</strong></span> <span class='ocrx_word' id='word_1_199' title='bbox 2319 2931 2558 2997; x_wconf 86' lang='lat' dir='ltr'><strong>cultum</strong></span> <span class='ocrx_word' id='word_1_200' title='bbox 2614 2933 2759 2997; x_wconf 86' lang='lat' dir='ltr'><strong>effi-</strong></span> 
     </span>
     <span class='ocr_line' id='line_1_30' title="bbox 671 3034 2762 3118; baseline -0.001 -15"><span class='ocrx_word' id='word_1_201' title='bbox 671 3040 960 3104; x_wconf 91' lang='lat' dir='ltr'><strong>ciendum</strong></span> <span class='ocrx_word' id='word_1_202' title='bbox 1004 3038 1293 3103; x_wconf 91' lang='lat' dir='ltr'><strong>homines</strong></span> <span class='ocrx_word' id='word_1_203' title='bbox 1338 3056 1475 3102; x_wconf 89' lang='lat' dir='ltr'><strong>esse</strong></span> <span class='ocrx_word' id='word_1_204' title='bbox 1522 3037 1853 3103; x_wconf 86' lang='lat' dir='ltr'><strong>mactatos.</strong></span> <span class='ocrx_word' id='word_1_205' title='bbox 1931 3034 2101 3114; x_wconf 78' lang='lat' dir='ltr'><strong>Quae</strong></span> <span class='ocrx_word' id='word_1_206' title='bbox 2135 3036 2349 3099; x_wconf 86' lang='lat' dir='ltr'><strong>autern</strong></span> <span class='ocrx_word' id='word_1_207' title='bbox 2379 3036 2532 3099; x_wconf 86' lang='lat' dir='ltr'><strong>tunc</strong></span> <span class='ocrx_word' id='word_1_208' title='bbox 2561 3039 2762 3118; x_wconf 88' lang='lat' dir='ltr'><strong>gesta</strong></span> 
     </span>
     <span class='ocr_line' id='line_1_31' title="bbox 671 3139 2759 3226; baseline -0 -18"><span class='ocrx_word' id='word_1_209' title='bbox 671 3145 818 3208; x_wconf 88' lang='lat' dir='ltr'><strong>sunt</strong></span> <span class='ocrx_word' id='word_1_210' title='bbox 860 3162 1009 3226; x_wconf 87' lang='lat' dir='ltr'><strong>prae</strong></span> <span class='ocrx_word' id='word_1_211' title='bbox 1074 3143 1301 3208; x_wconf 88' lang='lat' dir='ltr'><strong>ceteris</strong></span> <span class='ocrx_word' id='word_1_212' title='bbox 1350 3142 1641 3207; x_wconf 84' lang='lat' dir='ltr'><strong>Socrates</strong></span> <span class='ocrx_word' id='word_1_213' title='bbox 1704 3140 1768 3205; x_wconf 91' lang='lat' dir='ltr'><strong>et</strong></span> <span class='ocrx_word' id='word_1_214' title='bbox 1809 3139 2190 3204; x_wconf 86' lang='lat' dir='ltr'><strong>Sozomenus</strong></span> <span class='ocrx_word' id='word_1_215' title='bbox 2238 3140 2418 3205; x_wconf 92' lang='lat' dir='ltr'><strong>nobis</strong></span> <span class='ocrx_word' id='word_1_216' title='bbox 2460 3140 2759 3221; x_wconf 86' lang='lat' dir='ltr'><strong>tradunt,</strong></span> 
     </span>
     <span class='ocr_line' id='line_1_32' title="bbox 673 3244 2763 3331; baseline -0 -19"><span class='ocrx_word' id='word_1_217' title='bbox 673 3266 932 3331; x_wconf 90' lang='lat' dir='ltr'><strong>quorum</strong></span> <span class='ocrx_word' id='word_1_218' title='bbox 994 3246 1364 3313; x_wconf 85' lang='lat' dir='ltr'><strong>testimonia</strong></span> <span class='ocrx_word' id='word_1_219' title='bbox 1436 3244 1712 3310; x_wconf 85' lang='lat' dir='ltr'><strong>maxima</strong></span> <span class='ocrx_word' id='word_1_220' title='bbox 1786 3245 1851 3309; x_wconf 85' lang='lat' dir='ltr'><strong>et</strong></span> <span class='ocrx_word' id='word_1_221' title='bbox 1918 3244 2288 3328; x_wconf 86' lang='lat' dir='ltr'><strong>gravissima</strong></span> <span class='ocrx_word' id='word_1_222' title='bbox 2356 3263 2521 3307; x_wconf 91' lang='lat' dir='ltr'><strong>nunc</strong></span> <span class='ocrx_word' id='word_1_223' title='bbox 2602 3248 2763 3310; x_wconf 89' lang='lat' dir='ltr'><strong>sunt</strong></span> 
     </span>
     <span class='ocr_line' id='line_1_33' title="bbox 673 3349 2758 3436; baseline -0.002 -17"><span class='ocrx_word' id='word_1_224' title='bbox 673 3354 1057 3436; x_wconf 83' lang='lat' dir='ltr'><strong>exponenda.</strong></span> <span class='ocrx_word' id='word_1_225' title='bbox 1136 3352 1424 3418; x_wconf 91' lang='lat' dir='ltr'><strong>Aliorum</strong></span> <span class='ocrx_word' id='word_1_226' title='bbox 1474 3351 1642 3416; x_wconf 91' lang='lat' dir='ltr'><strong>enim</strong></span> <span class='ocrx_word' id='word_1_227' title='bbox 1705 3349 2083 3431; x_wconf 88' lang='lat' dir='ltr'><strong>scriptorum</strong></span> <span class='ocrx_word' id='word_1_228' title='bbox 2139 3349 2216 3412; x_wconf 89' lang='lat' dir='ltr'><strong>de</strong></span> <span class='ocrx_word' id='word_1_229' title='bbox 2279 3367 2354 3412; x_wconf 91' lang='lat' dir='ltr'><strong>ea</strong></span> <span class='ocrx_word' id='word_1_230' title='bbox 2399 3367 2464 3413; x_wconf 89' lang='lat' dir='ltr'><strong>re</strong></span> <span class='ocrx_word' id='word_1_231' title='bbox 2527 3350 2758 3430; x_wconf 84' lang='lat' dir='ltr'><strong>verba,</strong></span> 
     </span>
     <span class='ocr_line' id='line_1_34' title="bbox 673 3453 2762 3539; baseline -0.001 -17"><span class='ocrx_word' id='word_1_232' title='bbox 673 3458 920 3523; x_wconf 90' lang='lat' dir='ltr'><strong>scilicet</strong></span> <span class='ocrx_word' id='word_1_233' title='bbox 967 3457 1202 3523; x_wconf 85' lang='lat' dir='ltr'><strong>Juliani</strong></span> <span class='ocrx_word' id='word_1_234' title='bbox 1257 3457 1468 3539; x_wconf 90' lang='lat' dir='ltr'><strong>(epist.</strong></span> <span class='ocrx_word' id='word_1_235' title='bbox 1523 3455 1649 3533; x_wconf 89' lang='grc'>10),</span> <span class='ocrx_word' id='word_1_236' title='bbox 1698 3454 1967 3533; x_wconf 89' lang='lat' dir='ltr'><strong>Libanii,</strong></span> <span class='ocrx_word' id='word_1_237' title='bbox 2016 3453 2343 3517; x_wconf 88' lang='lat' dir='ltr'><strong>Ammiani</strong></span> <span class='ocrx_word' id='word_1_238' title='bbox 2388 3454 2762 3520; x_wconf 84' lang='lat' dir='ltr'><strong>Marcellini</strong></span> 
     </span>
     <span class='ocr_line' id='line_1_35' title="bbox 673 3556 2762 3648; baseline -0.001 -20"><span class='ocrx_word' id='word_1_239' title='bbox 673 3563 884 3648; x_wconf 88' lang='lat' dir='ltr'>(XXII</span> <span class='ocrx_word' id='word_1_240' title='bbox 943 3564 1040 3643; x_wconf 92' lang='lat'><strong>11,</strong></span> <span class='ocrx_word' id='word_1_241' title='bbox 1087 3562 1351 3644; x_wconf 78' lang='lat'><strong>3—11),</strong></span> <span class='ocrx_word' id='word_1_242' title='bbox 1397 3559 1740 3642; x_wconf 83' lang='lat' dir='ltr'><strong>Epiphanii</strong></span> <span class='ocrx_word' id='word_1_243' title='bbox 1796 3556 1963 3641; x_wconf 77' lang='lat' dir='ltr'><strong>(adv,</strong></span> <span class='ocrx_word' id='word_1_244' title='bbox 2024 3556 2192 3623; x_wconf 87' lang='lat' dir='ltr'><strong>haer.</strong></span> <span class='ocrx_word' id='word_1_245' title='bbox 2242 3557 2381 3622; x_wconf 80' lang='lat' dir='ltr'><strong>adv,</strong></span> <span class='ocrx_word' id='word_1_246' title='bbox 2430 3575 2643 3625; x_wconf 85' lang='lat' dir='ltr'><strong>auom.</strong></span> <span class='ocrx_word' id='word_1_247' title='bbox 2706 3563 2762 3625; x_wconf 90' lang='lat'><strong>1.</strong></span> 
     </span>
     <span class='ocr_line' id='line_1_36' title="bbox 672 3660 2764 3744; baseline -0.002 -12"><span class='ocrx_word' id='word_1_248' title='bbox 672 3668 825 3733; x_wconf 88' lang='lat' dir='ltr'><strong>haer</strong></span> <span class='ocrx_word' id='word_1_249' title='bbox 855 3730 861 3736; x_wconf 89' lang='grc'>,</span> <span class='ocrx_word' id='word_1_250' title='bbox 888 3668 1027 3732; x_wconf 88' lang='lat' dir='ltr'><strong>LVI</strong></span> <span class='ocrx_word' id='word_1_251' title='bbox 1083 3668 1187 3733; x_wconf 83' lang='lat' dir='ltr'><strong>vel</strong></span> <span class='ocrx_word' id='word_1_252' title='bbox 1241 3663 1529 3744; x_wconf 88' lang='lat' dir='ltr'><strong>LXXVI)</strong></span> <span class='ocrx_word' id='word_1_253' title='bbox 1577 3663 1730 3728; x_wconf 88' lang='lat' dir='ltr'><strong>Vita</strong></span> <span class='ocrx_word' id='word_1_254' title='bbox 1792 3660 2125 3727; x_wconf 80' lang='lat' dir='ltr'><strong>Athanasii</strong></span> <span class='ocrx_word' id='word_1_255' title='bbox 2186 3661 2413 3727; x_wconf 90' lang='lat' dir='ltr'><strong>incerti</strong></span> <span class='ocrx_word' id='word_1_256' title='bbox 2470 3662 2764 3727; x_wconf 85' lang='lat' dir='ltr'><strong>auctoris</strong></span> 
     </span>
     <span class='ocr_line' id='line_1_37' title="bbox 674 3765 2766 3856; baseline -0.003 -19"><span class='ocrx_word' id='word_1_257' title='bbox 674 3774 812 3856; x_wconf 80' lang='lat'>(24)</span> <span class='ocrx_word' id='word_1_258' title='bbox 865 3771 1082 3837; x_wconf 88' lang='lat' dir='ltr'><strong>Photii</strong></span> <span class='ocrx_word' id='word_1_259' title='bbox 1143 3768 1327 3853; x_wconf 92' lang='lat' dir='ltr'><strong>(bibl.</strong></span> <span class='ocrx_word' id='word_1_260' title='bbox 1387 3767 1535 3833; x_wconf 77' lang='lat'><strong>258.</strong></span> <span class='ocrx_word' id='word_1_261' title='bbox 1609 3765 1731 3831; x_wconf 81' lang='lat'><strong>788</strong></span> <span class='ocrx_word' id='word_1_262' title='bbox 1796 3766 1884 3849; x_wconf 90' lang='grc' dir='ltr'><strong>Η)</strong></span> <span class='ocrx_word' id='word_1_263' title='bbox 1954 3766 2061 3830; x_wconf 87' lang='lat' dir='ltr'><strong>aut</strong></span> <span class='ocrx_word' id='word_1_264' title='bbox 2124 3765 2214 3828; x_wconf 91' lang='lat' dir='ltr'><strong>nil</strong></span> <span class='ocrx_word' id='word_1_265' title='bbox 2271 3765 2415 3829; x_wconf 87' lang='lat' dir='ltr'><strong>novi</strong></span> <span class='ocrx_word' id='word_1_266' title='bbox 2475 3765 2555 3830; x_wconf 89' lang='lat' dir='ltr'><strong>ad</strong></span> <span class='ocrx_word' id='word_1_267' title='bbox 2618 3785 2766 3832; x_wconf 85' lang='lat' dir='ltr'><strong>rem</strong></span> 
     </span>
     <span class='ocr_line' id='line_1_38' title="bbox 674 3869 2763 3960; baseline -0.003 -19"><span class='ocrx_word' id='word_1_268' title='bbox 674 3877 879 3960; x_wconf 88' lang='lat' dir='ltr'><strong>ipsam</strong></span> <span class='ocrx_word' id='word_1_269' title='bbox 906 3877 1195 3954; x_wconf 86' lang='lat' dir='ltr'><strong>afferunt,</strong></span> <span class='ocrx_word' id='word_1_270' title='bbox 1228 3876 1336 3939; x_wconf 89' lang='lat' dir='ltr'><strong>aut</strong></span> <span class='ocrx_word' id='word_1_271' title='bbox 1361 3873 1771 3955; x_wconf 86' lang='lat' dir='ltr'><strong>scriptoribus</strong></span> <span class='ocrx_word' id='word_1_272' title='bbox 1801 3871 2033 3936; x_wconf 87' lang='lat' dir='ltr'><strong>nostris</strong></span> <span class='ocrx_word' id='word_1_273' title='bbox 2056 3869 2327 3935; x_wconf 89' lang='lat' dir='ltr'><strong>testibus</strong></span> <span class='ocrx_word' id='word_1_274' title='bbox 2352 3871 2763 3935; x_wconf 89' lang='lat' dir='ltr'><strong>narratarum</strong></span> 
     </span>
     <span class='ocr_line' id='line_1_39' title="bbox 673 3972 2764 4059; baseline -0.003 -14"><span class='ocrx_word' id='word_1_275' title='bbox 673 4001 881 4047; x_wconf 86' lang='lat' dir='ltr'><strong>rerum</strong></span> <span class='ocrx_word' id='word_1_276' title='bbox 944 3984 1089 4045; x_wconf 88' lang='lat' dir='ltr'><strong>sunt</strong></span> <span class='ocrx_word' id='word_1_277' title='bbox 1157 3980 1275 4047; x_wconf 91' lang='lat' dir='ltr'><strong>usi.</strong></span> <span class='ocrx_word' id='word_1_278' title='bbox 1349 3977 1443 4043; x_wconf 91' lang='lat' dir='ltr'><strong>Ac</strong></span> <span class='ocrx_word' id='word_1_279' title='bbox 1504 3977 1779 4059; x_wconf 92' lang='lat' dir='ltr'><strong>primum</strong></span> <span class='ocrx_word' id='word_1_280' title='bbox 1840 3975 2093 4059; x_wconf 89' lang='lat' dir='ltr'><strong>quidem</strong></span> <span class='ocrx_word' id='word_1_281' title='bbox 2156 3975 2439 4038; x_wconf 89' lang='lat' dir='ltr'><strong>constare</strong></span> <span class='ocrx_word' id='word_1_282' title='bbox 2501 3972 2764 4039; x_wconf 86' lang='lat' dir='ltr'><strong>affirmo</strong></span> 
     </span>
     <span class='ocr_line' id='line_1_40' title="bbox 677 4075 2764 4161; baseline -0.003 -12"><span class='ocrx_word' id='word_1_283' title='bbox 677 4086 1003 4151; x_wconf 85' lang='lat' dir='ltr'><strong>Socratem</strong></span> <span class='ocrx_word' id='word_1_284' title='bbox 1046 4085 1111 4148; x_wconf 88' lang='lat' dir='ltr'><strong>et</strong></span> <span class='ocrx_word' id='word_1_285' title='bbox 1140 4084 1579 4160; x_wconf 74' lang='lat' dir='ltr'><strong>sozomenum,</strong></span> <span class='ocrx_word' id='word_1_286' title='bbox 1613 4099 1752 4143; x_wconf 91' lang='lat' dir='ltr'><strong>cum</strong></span> <span class='ocrx_word' id='word_1_287' title='bbox 1791 4096 1914 4143; x_wconf 89' lang='lat' dir='ltr'><strong>non</strong></span> <span class='ocrx_word' id='word_1_288' title='bbox 1960 4077 2159 4143; x_wconf 85' lang='lat' dir='ltr'><strong>multo</strong></span> <span class='ocrx_word' id='word_1_289' title='bbox 2193 4078 2339 4161; x_wconf 90' lang='lat' dir='ltr'><strong>post</strong></span> <span class='ocrx_word' id='word_1_290' title='bbox 2369 4075 2764 4142; x_wconf 83' lang='lat' dir='ltr'><strong>seditionem</strong></span> 
     </span>
     <span class='ocr_line' id='line_1_41' title="bbox 677 4182 2764 4278; baseline -0.002 -26"><span class='ocrx_word' id='word_1_291' title='bbox 677 4189 856 4254; x_wconf 88' lang='lat' dir='ltr'><strong>illam</strong></span> <span class='ocrx_word' id='word_1_292' title='bbox 885 4188 1175 4266; x_wconf 83' lang='lat' dir='ltr'><strong>vixerint,</strong></span> <span class='ocrx_word' id='word_1_293' title='bbox 1211 4187 1487 4269; x_wconf 90' lang='lat' dir='ltr'><strong>optimos</strong></span> <span class='ocrx_word' id='word_1_294' title='bbox 1511 4186 1718 4251; x_wconf 88' lang='lat' dir='ltr'><strong>fontes</strong></span> <span class='ocrx_word' id='word_1_295' title='bbox 1742 4186 1805 4249; x_wconf 90' lang='lat' dir='ltr'><strong>id</strong></span> <span class='ocrx_word' id='word_1_296' title='bbox 1830 4186 1936 4278; x_wconf 26' lang='lat' dir='ltr'><strong>,est</strong></span> <span class='ocrx_word' id='word_1_297' title='bbox 1967 4183 2320 4267; x_wconf 88' lang='lat' dir='ltr'><strong>aequalium</strong></span> <span class='ocrx_word' id='word_1_298' title='bbox 2358 4182 2764 4264; x_wconf 76' lang='lat' dir='ltr'><strong>testimonia,</strong></span> 
     </span>
     <span class='ocr_line' id='line_1_42' title="bbox 681 4285 2769 4374; baseline -0.002 -16"><span class='ocrx_word' id='word_1_299' title='bbox 681 4293 997 4374; x_wconf 90' lang='lat' dir='ltr'><strong>epistolas,</strong></span> <span class='ocrx_word' id='word_1_300' title='bbox 1066 4292 1197 4354; x_wconf 87' lang='lat' dir='ltr'><strong>alia</strong></span> <span class='ocrx_word' id='word_1_301' title='bbox 1256 4291 1491 4373; x_wconf 88' lang='lat' dir='ltr'><strong>scripta</strong></span> <span class='ocrx_word' id='word_1_302' title='bbox 1537 4288 1920 4354; x_wconf 88' lang='lat' dir='ltr'><strong>adhibuisse.</strong></span> <span class='ocrx_word' id='word_1_303' title='bbox 1995 4289 2215 4370; x_wconf 90' lang='lat' dir='ltr'><strong>Neque</strong></span> <span class='ocrx_word' id='word_1_304' title='bbox 2264 4285 2330 4349; x_wconf 91' lang='lat' dir='ltr'><strong>id</strong></span> <span class='ocrx_word' id='word_1_305' title='bbox 2377 4286 2593 4369; x_wconf 90' lang='lat' dir='ltr'><strong>agitur</strong></span> <span class='ocrx_word' id='word_1_306' title='bbox 2634 4286 2769 4354; x_wconf 85' lang='lat' dir='ltr'><strong>hoc</strong></span> 
     </span>
    </p>
   </div>
  </div>
 </body>
</html>
