2925 4802
145 3242 338 3297 XXVIII.
392 3240 557 3295 Pauli-

177 3329 270 3366 nus
305 3312 538 3366 Nolanus.

1611 340 1695 402 46

623 548 904 630 Scriptor
965 547 1134 611 enim
1209 548 1367 612 haec
1428 547 1610 612 addit
1680 549 1758 613 ad
1826 550 2250 614 narrationem
2323 549 2402 613 de
2461 548 2693 613 Juliani

624 653 936 717 conventu
981 669 1121 715 cum
1182 651 1502 716 sacerdote
1564 653 1835 735 quodam
1882 653 2347 718 Eleusiniarum
2416 653 2692 717 dearum.

624 753 795 833 Quae
841 774 981 818 cum
1028 755 1121 818 ita
1178 755 1306 819 sint
1351 755 1485 818 iure
1544 755 1895 839 meritoque
1953 757 2194 822 iudices
2249 757 2366 822 illo
2411 758 2696 839 tempore

621 857 947 923 Eleusinia
991 858 1292 941 mysteria
1336 859 1412 924 ab
1460 858 1591 922 illis
1637 860 1954 944 mysteriis
2001 861 2277 926 Mithrae
2324 880 2451 925 non
2495 861 2699 925 aliena

625 964 732 1026 aut
778 962 1165 1026 alienissima
1208 962 1418 1041 fuisse,
1467 964 1588 1026 nisi
1633 963 1820 1028 aliam
1861 981 2131 1042 causam,
2167 966 2243 1029 de
2278 983 2400 1048 qua
2432 964 2697 1046 scriptor

623 1066 730 1130 hic
774 1065 850 1129 de
884 1068 1019 1131 Deo
1050 1064 1216 1132 Solis
1247 1067 1426 1148 patre
1459 1066 1689 1145 tradat,
1719 1068 2215 1149 probabiliorem
2248 1068 2508 1133 habeas.
2558 1069 2697 1147 Ipse

628 1171 797 1235 enim
842 1172 1178 1253 Eunapius‚
1221 1190 1361 1235 cum
1408 1172 1792 1252 imperatore
1840 1192 1905 1237 se
1952 1174 2084 1237 tum
2146 1173 2336 1238 fuisse
2381 1173 2698 1249 Eleusine,

624 1276 839 1340 tradit.
932 1274 1066 1354 Qua
1123 1277 1200 1340 de
1257 1295 1443 1341 causa
1503 1276 1733 1375 verbis⁵
1770 1279 1882 1344 καὶ
1924 1275 2134 1344 ταῦτα’
2187 1302 2257 1362 γε
2303 1278 2518 1355 οὕτως
2564 1273 2700 1359 ἅμα

624 1406 694 1446 τε
738 1383 859 1469 γάρ
903 1381 1148 1469 ἐγένετο
1199 1382 1445 1445 constat
1491 1380 1870 1463 scriptorem
1917 1380 2091 1444 aliud
2124 1380 2443 1464 quoddam
2478 1379 2698 1444 eodem

624 1484 911 1565 tempore
956 1482 1192 1548 facturn
1240 1501 1548 1547 enarrare.
1645 1484 1915 1548 Accedit
1970 1485 2041 1549 ut
2086 1483 2456 1566 indigenam
2503 1483 2701 1548 'Phes-

628 1587 872 1668 piarum
920 1588 1137 1670 oppidi
1182 1588 1369 1652 vicini
1419 1590 1663 1670 patrem
1707 1588 2192 1653 Mithriacorum
2246 1607 2381 1654 esse
2414 1590 2700 1654 creatum

584 1712 591 1729 ·
627 1693 853 1755 narret.
947 1690 1085 1770 Qua
1131 1691 1208 1756 de
1239 1710 1422 1756 causa
1468 1691 1625 1755 mihi
1673 1692 1949 1776 quidem,
1999 1692 2282 1775 quamvis
2315 1693 2513 1757 verba
2544 1711 2702 1775 quae

627 1797 971 1879 sequuntur
1014 1796 1376 1878 pertineant
1422 1797 1503 1859 ad
1550 1796 1741 1860 aliam
1801 1815 1957 1875 rem,
2028 1799 2278 1862 constat
2347 1797 2702 1878 Eunapium

629 1899 704 1965 de
749 1899 1024 1965 Mithrae
1073 1900 1242 1965 cultu
1284 1902 1394 1966 illo
1441 1900 1574 1965 loco
1607 1902 1861 1983 peracto
1910 1901 2100 1983 loqui.
2147 1902 2372 1983 Itaque
2418 1903 2706 1965 statuen-

629 2004 775 2068 dum
806 2005 1059 2071 videtur
1102 2024 1232 2071 esse
1281 2006 1385 2071 illo
1425 2008 1710 2087 tempore
1745 2004 2040 2069 Eleusine
2088 2022 2332 2087 quoque
2363 2004 2709 2069 Mithriaca

628 2127 761 2174 esse
808 2111 1189 2192 perpetrata.
1238 2109 1410 2189 Quae
1454 2110 1547 2174 ita
1591 2129 1654 2175 se
1686 2107 1976 2174 habuisse
2024 2127 2097 2173 eo
2132 2125 2376 2191 quoque
2407 2107 2710 2192 cognosci

627 2214 857 2296 potest,
907 2216 1071 2297 quod
1114 2224 1234 2305 τῆς
1276 2220 1669 2304 Μιθριακῆς
1712 2213 1975 2301 τελετῆς
2039 2212 2285 2277 dicitur.
2376 2211 2487 2276 Eis
2534 2212 2708 2275 enim

626 2320 834 2384 verbis
882 2319 1150 2401 scriptor
1194 2336 1319 2383 non
1366 2319 1535 2383 esset
1592 2336 1756 2396 usus,
1822 2317 1944 2381 nisi
2001 2315 2077 2381 de
2123 2316 2317 2381 sacris
2362 2315 2534 2379 illius
2580 2315 2710 2378 loci

625 2424 1012 2491 tradidisset.
1102 2425 1328 2489 Utrum
1384 2426 1596 2488 autem
1658 2423 2118 2489 Eleusiniarum
2183 2422 2440 2487 dearum
2506 2421 2712 2486 cultus

629 2549 772 2594 cum
796 2529 1200 2594 veneratione
1218 2528 1491 2593 Mithrae
1519 2528 1893 2593 commixtus
1919 2529 2129 2605 fuerit,
2163 2546 2358 2591 necne
2391 2546 2502 2609 pro
2535 2528 2711 2590 certo

630 2652 751 2699 non
796 2634 1017 2698 habeo.
1065 2634 1291 2698 Restat
1333 2635 1403 2697 ut
1436 2652 1927 2698 commemorem
1956 2634 2311 2713 Eunapium
2344 2631 2479 2695 sine
2514 2631 2710 2696 dubio

628 2737 903 2803 Mithrae
951 2739 1140 2802 sacris
1188 2737 1435 2802 favisse.
1487 2773 1564 2784 -

802 2841 1050 2908 Addere
1095 2842 1286 2906 liceat
1343 2860 1443 2905 me
1507 2841 1714 2924 ipsum
1774 2840 2068 2906 Eleusine
2101 2901 2102 2908 ,
2136 2859 2298 2905 anno
2356 2839 2713 2930 millesimo

632 2948 1160 3029 octingentesimo
1237 2945 1704 3030 septuagesimo
1772 2948 1991 3011 octavo
2054 2963 2277 3027 specus
2345 2944 2715 3009 Mithriacis

631 3052 1008 3135 peragendis
1052 3052 1311 3117 idoneos
1355 3050 1601 3116 vidisse.

808 3244 1199 3326 Scriptorum
1264 3240 1829 3306 ecclesiasticorum
1879 3241 1955 3304 de
2002 3239 2277 3304 Mithrae
2348 3240 2516 3303 cultu
2564 3260 2716 3304 nar-

633 3349 982 3414 rationibus
1029 3345 1501 3411 adnumeranda
1546 3345 1691 3408 sunt
1733 3345 1926 3408 verba
1970 3343 2224 3408 Paulini
2270 3342 2504 3409 Nolani

642 3452 813 3531 Quid
854 3450 1020 3537 quod
1061 3463 1119 3513 et
1163 3449 1472 3512 Invictum
1517 3449 1767 3534 spelaea
1812 3449 1924 3511 sub
1971 3463 2113 3510 atra
2158 3446 2518 3535 recondunt,

644 3557 931 3639 Quaeque
977 3566 1182 3640 tequnt
1226 3552 1510 3634 tenebris,
1557 3551 1789 3615 audent
1830 3553 1989 3615 hunc
2036 3550 2237 3614 dicere
2289 3549 2535 3616 Solem?

643 3660 800 3737 Quis
845 3659 1007 3722 colat
1048 3657 1274 3721 occulte
1319 3656 1533 3736 lucem,
1579 3656 1873 3742 sidusque
1918 3680 2278 3742 supernum,
2615 3673 2644 3694 r

641 3763 806 3827 Celet
830 3751 913 3825 Ἰεἴη
960 3760 1232 3847 infernis
1275 3762 1411 3825 nz'sz‘
1448 3785 1657 3825 rerum
1702 3784 1899 3824 causa
1945 3761 2261 3823 malarum
2291 3760 2362 3841 ¹).

807 3865 978 3945 Quae
1025 3884 1225 3947 pauca
1267 3865 1466 3931 multa
1512 3866 1816 3947 praebent
1860 3864 2314 3946 intellegenda.
2403 3861 2716 3943 Primum,

635 3972 784 4056 quia
830 3973 1103 4053 scriptor
1134 3992 1283 4038 voce
1323 3972 1524 4036 utitur
1568 3987 1722 4053 quae
1758 3970 1853 4034 est
1890 3967 2241 4048 recondunt,
2277 3967 2484 4032 elucet
2511 3987 2718 4051 usque

635 4075 708 4140 ad
757 4075 826 4140 id
870 4078 1140 4158 tempus,
1190 4096 1310 4161 quo
1355 4075 1659 4140 Paulinus
1704 4074 1862 4139 haec
1906 4073 2180 4155 scripsit,
2245 4072 2585 4137 Mithriaca
2646 4074 2722 4138 in

776 4251 813 4319 ¹)
850 4251 933 4305 ed.
958 4250 1008 4306 J.
1031 4250 1090 4304 P.
1114 4250 1316 4318 Migne,
1339 4250 1482 4303 Patr.
1508 4265 1645 4302 curs,
1668 4251 1808 4318 patr.
1843 4246 1939 4301 lat.
1975 4249 2108 4299 tom.
2134 4244 2257 4298 LXI
2296 4247 2416 4298 702.
2458 4245 2724 4301 Poemata

633 4338 859 4392 XXXVI
897 4339 1185 4389 112-115,
1222 4337 1517 4388 703—706.
1552 4335 1772 4389 Parisiis
1795 4334 1957 4385 1847.
2029 4333 2102 4385 8⁰.
2233 4336 2239 4342 '

2733 86 2858 263 ‘a
