2925 4802
1141 324 1223 415 21

134 535 378 603 similia
424 533 502 600 ad
548 536 787 601 cultum
830 532 1576 616 peragendum‘rnultum
1634 534 1904 602 valuisse
1951 537 2061 600 aut
2103 536 2227 601 Mi-

133 642 324 706 thrae
374 640 646 705 cultores
695 638 1103 704 christianam
1150 637 1529 721 religionem
1576 656 1880 721 cognosse
1921 642 2059 704 'nec
2105 660 2229 705 non

134 760 252 827 pro
284 743 558 808 ludibrio
590 743 902 813 habuisse.
994 743 1235 806 Tamen
1270 760 1426 823 quae
1458 742 1500 807 J
1505 725 1696 806 ustini
1730 743 2097 809 testimonia
2127 744 2227 809 in-

138 848 459 936 vestigans
490 847 618 912 dixi
651 849 884 930 repete.
977 845 1143 927 Quot
1175 844 1344 910 enim
1377 848 1813 914 coronationes
1853 867 2026 912 more
2061 847 2227 912 cbri-

136 952 383 1018 stianae
428 951 760 1035 religionis
805 950 907 1019 tot
954 948 1078 1015 ritu
1120 948 1465 1033 gentilium
1513 938 1777 1016 invenie.

271 1128 420 1193 Jam
465 1124 918 1207 investigemus
964 1111 1092 1188 alia
1153 1122 1535 1209 Tertulliani
1591 1123 1667 1189 de
1714 1125 1991 1191 Mithrae
2056 1127 2224 1191 cultu

134 1232 350 1298 verba.
440 1212 612 1296 'Cum
677 1229 846 1293 enim
913 1229 1248 1310 vituperet,
1313 1248 1595 1312 paganos
1668 1230 1943 1294 humana
2011 1230 2222 1295 divino

135 1335 312 1399 cultu
373 1335 504 1399 sive
552 1334 952 1399 veneratione
1001 1333 1287 1412 coluisse,
1343 1334 1545 1398 tradit
1601 1335 1759 1400 haec
1805 1336 1967 1397 sicut
2008 1334 2225 1398 aridae

132 1452 193 1503 et
251 1439 526 1504 ardentis
585 1451 852 1502 natarae
910 1451 1304 1502 sacra-menta
1368 1438 1570 1502 leones
1629 1439 1902 1503 Mithrae
1956 1440 2224 1525 philoso-

2294 1135 2329 1188 X
2372 1137 2421 1190 3.
2470 1138 2522 1203 Q.
2550 1136 2710 1206 Septi-

2294 1206 2424 1260 mius
2504 1206 2709 1262 Florens

2324 1275 2672 1332 Tertullianus,

122 1543 505 1629 phanturl).
599 1543 693 1607 Ac
753 1541 1030 1625 primum
1100 1542 1715 1607 commemorandum
1780 1544 1876 1608 est
1938 1543 2002 1607 in
2071 1544 2220 1608 duo-
2311 1555 2322 1564 '

134 1646 438 1717 basillis
500 1646 842 1726 codicibus
909 1646 1132 1729 quibus
1180 1645 1482 1710 Oehlerus
1527 1665 1580 1714 v,
1628 1630 1706 1714 ds
1735 1667 1800 1711 se
1846 1668 2026 1712 usum
2088 1668 2222 1713 esse

132 1753 493 1835 profitetur,
556 1751 861 1833 scriptum
920 1750 1048 1834 legi
1116 1750 1270 1814 mire
1331 1770 1445 1832 pro
1473 1751 1770 1815 <Mithrae
1830 1772 2029 1834 neque
2090 1753 2225 1833 edi-

131 1858 342 1922 torem
406 1838 573 1920 unde
631 1855 1056 1920 coniecturam
1116 1854 1390 1919 Mithrae
1452 1853 1731 1920 hauserit
1787 1855 2013 1922 dicere.
2105 1856 2225 1921 At-

129 1964 376 2040 tamen,
447 1980 589 2025 cum
650 1959 799 2043 quid
856 1959 977 2025 sibi
1037 1959 1191 2023 velit
1256 1959 1516 2024 verbum
1583 1960 1737 2023 mire
1805 1959 1972 2026 nullo
2035 1963 2221 2027 modo

131 2084 516 2150 cognoscere
577 2064 785 2146 possis
838 2066 904 2129 et
958 2063 1116 2128 illud
1160 2063 1375 2159 ‘leones
1436 2082 1474 2126 a
1528 2062 1801 2129 Mithrae
1863 2067 2029 2130 cultu
2100 2087 2222 2130 non

132 2170 473 2235 abhorrere
521 2169 790 2248 constet,
841 2167 1182 2235 Oehlerum
1228 2187 1284 2235 V.
1333 2167 1391 2233 d.
1441 2168 1574 2232 sive
1623 2169 1746 2232 alio
1813 2169 2028 2236 codice
2090 2171 2220 2235 sive

131 2274 310 2339 nullo
358 2272 725 2339 testimonio
774 2272 983 2337 nisum
1029 2274 1202 2338 recte
1247 2272 1589 2338 coniecisse
1631 2273 1867 2340 credas
1934 2274 2038 2355 At,
2078 2295 2219 2340 cum

130 2379 347 2445 verbis
394 2397 519 2444 non
583 2375 876 2442 dilucidis
913 2377 1206 2459 scriptor
1259 2378 1492 2456 utatur,
1554 2377 1824 2442 multum
1877 2398 1950 2443 ex
2007 2378 2087 2443 iis
2143 2379 2217 2443 de

132 2480 313 2547 cultu
372 2479 668 2563 intellegi
730 2480 966 2564 nequit.
1057 2480 1199 2544 Etsi
1263 2480 1428 2544 euim
1477 2480 1827 2564 Rigaltinm
1887 2501 1945 2547 v.
2006 2482 2069 2563 d,
2115 2482 2222 2564 qui

129 2587 293 2651 haec
343 2586 795 2653 commemorat
849 2587 959 2649 »In
1003 2584 1197 2649 sacris
1243 2583 1518 2648 Mithrae
1566 2583 1699 2648 sive
1746 2584 1918 2650 Solis
1964 2585 2221 2649 adhibe-

130 2692 366 2755 bantur
411 2690 664 2754 leonum
711 2688 1061 2754 simulacra.
1116 2689 1341 2753 AErant
1387 2690 1598 2753 autem
1640 2691 2053 2767 sacramenta,
2102 2688 2222 2753 hoc

131 2795 231 2860 est
279 2793 464 2876 signa
509 2811 615 2857 seu
663 2792 968 2878 mysteria
1012 2792 1234 2858 solaris
1283 2792 1564 2872 naturae,
1626 2793 1837 2857 aridae
1887 2794 1951 2857 et
1995 2794 2222 2858 arden-

127 2898 232 2963 tis.
315 2897 490 2961 Tunc
538 2896 709 2960 enim
756 2897 965 2961 aestus
996 2896 1366 2976 intenditur,
1418 2896 1626 2962 fontes
1667 2899 1731 2961 et
1760 2896 1935 2961 fluvii
1978 2896 2222 2962 siccan-

130 3004 239 3068 tur
312 3020 454 3065 cum
522 3000 770 3084 ingredi
837 2999 1111 3066 Leonem
1175 3001 1273 3065 sol
1338 2999 1610 3066 dicitur«
1681 3002 1851 3066 recte
1912 3000 2220 3066 iudicasse

128 3105 484 3189 putandum
532 3107 644 3183 est,
694 3105 831 3187 quis
880 3107 977 3170 est
1023 3105 1130 3188 qui
1175 3125 1388 3171 veram
1445 3105 1775 3189 scriptoris
1837 3105 2222 3170 sententiam

127 3208 493 3293 intellegat,
539 3212 648 3273 aut
695 3209 844 3291 quid
893 3211 969 3275 de
1018 3211 1189 3274 cultu
1249 3211 1362 3274 illo
1410 3211 1511 3275 his
1573 3209 1778 3275 verbis
1840 3202 2219 3294 cognoscen-

130 3316 285 3379 dum
346 3313 431 3379 sit
500 3315 695 3381 eruat.
808 3313 1123 3396 Equidem
1186 3314 1253 3378 id
1313 3334 1505 3378 unum
1565 3315 1952 3396 compertum
2014 3313 2218 3378 habeo

130 3419 250 3483 hoc
299 3437 547 3502 quoque
594 3418 732 3483 loco
781 3418 1025 3483 elucere
1072 3416 1533 3483 Tertullianum
1566 3417 1908 3483 Mithriaca
1937 3419 2221 3482 Romana

129 3521 483 3589 accuratius
543 3521 799 3606 cognita
854 3520 1166 3587 habuisse.
1274 3521 1429 3587 Cum
1490 3523 1701 3586 autem
1765 3520 1871 3585 hic
1934 3539 2059 3585 non
2118 3541 2219 3585 res

130 3629 349 3712 gestas
394 3626 505 3690 sed
551 3625 895 3690 sententias
939 3627 1186 3690 tantum
1235 3627 1540 3709 quasdam
1603 3627 1780 3709 quasi
1825 3625 2222 3708 philosophi-

132 3749 235 3795 cas
308 3729 561 3808 reddat,
626 3729 725 3794 his
792 3729 1001 3794 verbis
1071 3730 1339 3813 scriptor
1406 3730 1667 3795 minime
1737 3731 1897 3796 bene
1957 3729 2037 3794 ad
2096 3729 2217 3792 Dei

131 3834 299 3900 Solis
347 3835 517 3917 apud
559 3826 874 3899 Romanos
921 3834 1159 3898 cultum
1206 3834 1723 3918 investigandum
1779 3833 2087 3899 disseruit.
2134 3868 2217 3879 -—

132 3936 486 4020 Suspiceris
561 3936 844 4002 codicum
919 3936 1284 4020 scriptoreS,
1373 3958 1513 4002 cum
1599 3938 1750 4021 quid
1832 3937 2219 4021 significetur

132 4041 437 4128 vocabulo
513 4033 789 4106 Mithrae
858 4042 1271 4126 ignorassent,
1331 4041 1759 4108 coniecturam
1836 4042 1991 4105 mire
2068 4060 2216 4105 sane

133 4144 362 4209 miram
409 4147 475 4210 et
520 4137 805 4229 ineptam
850 4146 1208 4230 protulisse.

309 4318 346 4388 ¹)
384 4318 424 4372 1.
460 4334 506 4371 c.
542 4319 602 4372 II
637 4320 706 4371 62
747 4317 902 4386 (Adv.
937 4318 1261 4375 Marcionem
1298 4319 1327 4373 I
1367 4318 1466 4385 13).
