<?xml version="1.0" encoding="UTF-8"?>
<!DOCTYPE html PUBLIC "-//W3C//DTD XHTML 1.0 Transitional//EN"
    "http://www.w3.org/TR/xhtml1/DTD/xhtml1-transitional.dtd">
<html xmlns="http://www.w3.org/1999/xhtml" xml:lang="en" lang="en">
 <head>
  <title>
</title>
<meta http-equiv="Content-Type" content="text/html;charset=utf-8" />
  <meta name='ocr-system' content='tesseract 3.04.00' />
  <meta name='ocr-capabilities' content='ocr_page ocr_carea ocr_par ocr_line ocrx_word'/>
</head>
<body>
  <div class='ocr_page' id='page_1' title='image "./demithraedeisol00fabrgoog_0107.png"; bbox 0 0 2925 4802; ppageno 0'>
   <div class='ocr_carea' id='block_1_1' title="bbox 1211 211 1332 276">
    <p class='ocr_par' dir='ltr' id='par_1_1' title="bbox 1211 211 1332 276">
     <span class='ocr_line' id='line_1_1' title="bbox 1211 211 1332 276; baseline 0.008 -1"><span class='ocrx_word' id='word_1_1' title='bbox 1211 211 1332 276; x_wconf 86' lang='lat'>103</span> 
     </span>
    </p>
   </div>
   <div class='ocr_carea' id='block_1_2' title="bbox 1116 300 1428 309">
    <p class='ocr_par' dir='ltr' id='par_1_2' title="bbox 1116 300 1428 309">
     <span class='ocr_line' id='line_1_2' title="bbox 1116 300 1428 309; baseline 0 4493"><span class='ocrx_word' id='word_1_2' title='bbox 1116 300 1428 309; x_wconf 95' lang='lat' dir='ltr'> </span> 
     </span>
    </p>
   </div>
   <div class='ocr_carea' id='block_1_3' title="bbox 190 414 2792 1125">
    <p class='ocr_par' dir='ltr' id='par_1_3' title="bbox 190 414 2792 1125">
     <span class='ocr_line' id='line_1_3' title="bbox 401 414 2792 507; baseline 0.005 -29"><span class='ocrx_word' id='word_1_3' title='bbox 401 414 869 480; x_wconf 87' lang='lat' dir='ltr'>Praetereunda</span> <span class='ocrx_word' id='word_1_4' title='bbox 915 435 1160 501; x_wconf 86' lang='lat' dir='ltr'>quoque</span> <span class='ocrx_word' id='word_1_5' title='bbox 1207 422 1352 485; x_wconf 88' lang='lat' dir='ltr'>sunt</span> <span class='ocrx_word' id='word_1_6' title='bbox 1398 419 1731 486; x_wconf 86' lang='lat' dir='ltr'>simulacra</span> <span class='ocrx_word' id='word_1_7' title='bbox 1776 423 2084 505; x_wconf 87' lang='lat' dir='ltr'>proxima,</span> <span class='ocrx_word' id='word_1_8' title='bbox 2132 443 2313 507; x_wconf 88' lang='lat' dir='ltr'>prae·</span> <span class='ocrx_word' id='word_1_9' title='bbox 2380 435 2431 488; x_wconf 83' lang='lat' dir='ltr'>L.</span> <span class='ocrx_word' id='word_1_10' title='bbox 2470 453 2517 504; x_wconf 81' lang='lat' dir='ltr'>p.</span> <span class='ocrx_word' id='word_1_11' title='bbox 2546 434 2578 488; x_wconf 81' lang='lat' dir='ltr'><strong>G</strong></span> <span class='ocrx_word' id='word_1_12' title='bbox 2613 437 2792 490; x_wconf 80' lang='lat' dir='ltr'>1—3a.</span> 
     </span>
     <span class='ocr_line' id='line_1_4' title="bbox 190 520 2310 603; baseline 0.004 -19"><span class='ocrx_word' id='word_1_13' title='bbox 190 522 521 603; x_wconf 80' lang='lat' dir='ltr'>-terquam</span> <span class='ocrx_word' id='word_1_14' title='bbox 569 520 734 603; x_wconf 89' lang='lat' dir='ltr'>quod</span> <span class='ocrx_word' id='word_1_15' title='bbox 778 520 846 584; x_wconf 92' lang='lat' dir='ltr'>in</span> <span class='ocrx_word' id='word_1_16' title='bbox 891 540 1014 586; x_wconf 89' lang='lat' dir='ltr'>uno</span> <span class='ocrx_word' id='word_1_17' title='bbox 1063 538 1277 586; x_wconf 88' lang='lat' dir='ltr'>eorum</span> <span class='ocrx_word' id='word_1_18' title='bbox 1323 523 1485 588; x_wconf 84' lang='lat' dir='ltr'>tauri</span> <span class='ocrx_word' id='word_1_19' title='bbox 1532 527 1765 591; x_wconf 89' lang='lat' dir='ltr'>caudae</span> <span class='ocrx_word' id='word_1_20' title='bbox 1812 527 2003 591; x_wconf 90' lang='lat' dir='ltr'>finem</span> <span class='ocrx_word' id='word_1_21' title='bbox 2050 528 2310 594; x_wconf 83' lang='lat' dir='ltr'>minime</span> 
     </span>
     <span class='ocr_line' id='line_1_5' title="bbox 211 624 2311 717; baseline 0.004 -29"><span class='ocrx_word' id='word_1_22' title='bbox 211 625 545 707; x_wconf 86' lang='lat' dir='ltr'>spicarum</span> <span class='ocrx_word' id='word_1_23' title='bbox 602 626 713 689; x_wconf 90' lang='lat' dir='ltr'>sed</span> <span class='ocrx_word' id='word_1_24' title='bbox 781 624 952 709; x_wconf 84' lang='lat' dir='ltr'>globi</span> <span class='ocrx_word' id='word_1_25' title='bbox 1018 625 1287 691; x_wconf 81' lang='lat' dir='ltr'>formam</span> <span class='ocrx_word' id='word_1_26' title='bbox 1347 629 1562 693; x_wconf 89' lang='lat' dir='ltr'>tenere</span> <span class='ocrx_word' id='word_1_27' title='bbox 1621 630 1687 693; x_wconf 91' lang='lat' dir='ltr'>et</span> <span class='ocrx_word' id='word_1_28' title='bbox 1746 629 1863 695; x_wconf 88' lang='lat' dir='ltr'>hac</span> <span class='ocrx_word' id='word_1_29' title='bbox 1908 651 2030 695; x_wconf 89' lang='lat' dir='ltr'>una</span> <span class='ocrx_word' id='word_1_30' title='bbox 2076 633 2311 717; x_wconf 80' lang='lat' dir='ltr'>pagina</span> 
     </span>
     <span class='ocr_line' id='line_1_6' title="bbox 208 729 2309 820; baseline 0.004 -27"><span class='ocrx_word' id='word_1_31' title='bbox 208 729 503 795; x_wconf 88' lang='lat' dir='ltr'>Mithrae</span> <span class='ocrx_word' id='word_1_32' title='bbox 548 730 861 814; x_wconf 79' lang='lat' dir='ltr'>imagines</span> <span class='ocrx_word' id='word_1_33' title='bbox 907 747 1039 796; x_wconf 85' lang='lat' dir='ltr'>esse</span> <span class='ocrx_word' id='word_1_34' title='bbox 1072 731 1272 813; x_wconf 88' lang='lat' dir='ltr'>fictas,</span> <span class='ocrx_word' id='word_1_35' title='bbox 1321 751 1479 814; x_wconf 85' lang='lat' dir='ltr'>quae</span> <span class='ocrx_word' id='word_1_36' title='bbox 1510 733 1891 816; x_wconf 76' lang='lat' dir='ltr'>supellectili</span> <span class='ocrx_word' id='word_1_37' title='bbox 1937 736 2309 820; x_wconf 89' lang='lat' dir='ltr'>insriptione</span> 
     </span>
     <span class='ocr_line' id='line_1_7' title="bbox 213 834 2308 919; baseline 0.003 -21"><span class='ocrx_word' id='word_1_38' title='bbox 213 853 352 898; x_wconf 86' lang='lat' dir='ltr'>non</span> <span class='ocrx_word' id='word_1_39' title='bbox 400 834 638 903; x_wconf 78' lang='lat' dir='ltr'>carenti</span> <span class='ocrx_word' id='word_1_40' title='bbox 685 835 935 901; x_wconf 86' lang='lat' dir='ltr'>fuerant</span> <span class='ocrx_word' id='word_1_41' title='bbox 977 835 1342 919; x_wconf 91' lang='lat' dir='ltr'>insculptae.</span> <span class='ocrx_word' id='word_1_42' title='bbox 1440 837 1527 902; x_wconf 89' lang='lat' dir='ltr'>At</span> <span class='ocrx_word' id='word_1_43' title='bbox 1569 839 1912 904; x_wconf 90' lang='lat' dir='ltr'>notandum</span> <span class='ocrx_word' id='word_1_44' title='bbox 1960 842 2054 906; x_wconf 89' lang='lat' dir='ltr'>est</span> <span class='ocrx_word' id='word_1_45' title='bbox 2121 862 2308 906; x_wconf 91' lang='lat' dir='ltr'>unam</span> 
     </span>
     <span class='ocr_line' id='line_1_8' title="bbox 211 938 2307 1027; baseline 0.003 -24"><span class='ocrx_word' id='word_1_46' title='bbox 211 938 394 1004; x_wconf 88' lang='lat' dir='ltr'>hanc</span> <span class='ocrx_word' id='word_1_47' title='bbox 448 940 749 1024; x_wconf 88' lang='lat' dir='ltr'>paginam</span> <span class='ocrx_word' id='word_1_48' title='bbox 811 941 958 1005; x_wconf 90' lang='lat' dir='ltr'>dare</span> <span class='ocrx_word' id='word_1_49' title='bbox 1022 940 1297 1004; x_wconf 89' lang='lat' dir='ltr'>statuam</span> <span class='ocrx_word' id='word_1_50' title='bbox 1345 941 1498 1019; x_wconf 88' lang='lat' dir='ltr'>Dei,</span> <span class='ocrx_word' id='word_1_51' title='bbox 1561 942 1650 1005; x_wconf 94' lang='lat' dir='ltr'>nil</span> <span class='ocrx_word' id='word_1_52' title='bbox 1719 943 1842 1007; x_wconf 89' lang='lat' dir='ltr'>nisi</span> <span class='ocrx_word' id='word_1_53' title='bbox 1908 963 2048 1009; x_wconf 91' lang='grc'><strong>311111</strong></span> <span class='ocrx_word' id='word_1_54' title='bbox 2104 945 2307 1027; x_wconf 81' lang='lat' dir='ltr'>ipsum</span> 
     </span>
     <span class='ocr_line' id='line_1_9' title="bbox 214 1044 1631 1125; baseline 0.002 -17"><span class='ocrx_word' id='word_1_55' title='bbox 214 1044 476 1125; x_wconf 84' lang='lat' dir='ltr'>persico</span> <span class='ocrx_word' id='word_1_56' title='bbox 565 1044 787 1110; x_wconf 89' lang='lat' dir='ltr'>habitu</span> <span class='ocrx_word' id='word_1_57' title='bbox 838 1045 1125 1110; x_wconf 88' lang='lat' dir='ltr'>ornatum</span> <span class='ocrx_word' id='word_1_58' title='bbox 1173 1045 1631 1112; x_wconf 75' lang='lat' dir='ltr'>ostendentem.</span> 
     </span>
    </p>
   </div>
   <div class='ocr_carea' id='block_1_4' title="bbox 214 1252 2789 2698">
    <p class='ocr_par' dir='ltr' id='par_1_4' title="bbox 214 1252 2789 2698">
     <span class='ocr_line' id='line_1_10' title="bbox 405 1252 2789 1340; baseline 0.002 -23"><span class='ocrx_word' id='word_1_59' title='bbox 405 1255 498 1318; x_wconf 89' lang='lat' dir='ltr'>De</span> <span class='ocrx_word' id='word_1_60' title='bbox 574 1253 807 1337; x_wconf 82' lang='lat' dir='ltr'>pagina</span> <span class='ocrx_word' id='word_1_61' title='bbox 889 1254 1106 1318; x_wconf 90' lang='lat' dir='ltr'>autem</span> <span class='ocrx_word' id='word_1_62' title='bbox 1179 1252 1526 1319; x_wconf 89' lang='lat' dir='ltr'>centesima</span> <span class='ocrx_word' id='word_1_63' title='bbox 1600 1255 1809 1338; x_wconf 89' lang='lat' dir='ltr'>prima</span> <span class='ocrx_word' id='word_1_64' title='bbox 1896 1258 2075 1340; x_wconf 88' lang='lat' dir='ltr'>plura</span> <span class='ocrx_word' id='word_1_65' title='bbox 2164 1262 2309 1326; x_wconf 91' lang='lat' dir='ltr'>sunt</span> <span class='ocrx_word' id='word_1_66' title='bbox 2376 1268 2426 1321; x_wconf 84' lang='lat' dir='ltr'>L.</span> <span class='ocrx_word' id='word_1_67' title='bbox 2466 1285 2511 1338; x_wconf 88' lang='lat' dir='ltr'>p.</span> <span class='ocrx_word' id='word_1_68' title='bbox 2550 1267 2605 1322; x_wconf 79' lang='lat' dir='ltr'>Ol</span> <span class='ocrx_word' id='word_1_69' title='bbox 2642 1270 2789 1322; x_wconf 79' lang='lat'>1-7,</span> 
     </span>
     <span class='ocr_line' id='line_1_11' title="bbox 216 1357 2309 1446; baseline 0.003 -24"><span class='ocrx_word' id='word_1_70' title='bbox 216 1357 512 1423; x_wconf 89' lang='lat' dir='ltr'>dicenda.</span> <span class='ocrx_word' id='word_1_71' title='bbox 602 1357 885 1422; x_wconf 86' lang='lat' dir='ltr'>Primum</span> <span class='ocrx_word' id='word_1_72' title='bbox 931 1357 1106 1422; x_wconf 89' lang='lat' dir='ltr'>vides</span> <span class='ocrx_word' id='word_1_73' title='bbox 1151 1359 1404 1424; x_wconf 89' lang='lat' dir='ltr'>leonem</span> <span class='ocrx_word' id='word_1_74' title='bbox 1458 1379 1602 1424; x_wconf 90' lang='lat' dir='ltr'>cum</span> <span class='ocrx_word' id='word_1_75' title='bbox 1648 1381 1851 1442; x_wconf 85' lang='lat' dir='ltr'>corvo,</span> <span class='ocrx_word' id='word_1_76' title='bbox 1900 1362 2073 1428; x_wconf 91' lang='lat' dir='ltr'>cuius</span> <span class='ocrx_word' id='word_1_77' title='bbox 2120 1366 2309 1446; x_wconf 88' lang='lat' dir='ltr'>caput</span> 
     </span>
     <span class='ocr_line' id='line_1_12' title="bbox 214 1462 2303 1549; baseline 0.003 -22"><span class='ocrx_word' id='word_1_78' title='bbox 214 1462 501 1528; x_wconf 77' lang='lat' dir='ltr'>Mithrae</span> <span class='ocrx_word' id='word_1_79' title='bbox 551 1463 682 1527; x_wconf 91' lang='lat' dir='ltr'>Deo</span> <span class='ocrx_word' id='word_1_80' title='bbox 751 1462 1126 1531; x_wconf 89' lang='lat' dir='ltr'>attributum</span> <span class='ocrx_word' id='word_1_81' title='bbox 1183 1482 1345 1542; x_wconf 80' lang='lat' dir='ltr'>esse,</span> <span class='ocrx_word' id='word_1_82' title='bbox 1413 1464 1543 1528; x_wconf 90' lang='lat' dir='ltr'>iam</span> <span class='ocrx_word' id='word_1_83' title='bbox 1612 1485 1798 1549; x_wconf 89' lang='lat' dir='ltr'>supra</span> <span class='ocrx_word' id='word_1_84' title='bbox 1859 1465 2303 1533; x_wconf 84' lang='lat' dir='ltr'>intelleximus.</span> 
     </span>
     <span class='ocr_line' id='line_1_13' title="bbox 216 1566 2308 1653; baseline 0.003 -22"><span class='ocrx_word' id='word_1_85' title='bbox 216 1567 387 1632; x_wconf 86' lang='lat' dir='ltr'>Tum</span> <span class='ocrx_word' id='word_1_86' title='bbox 435 1566 628 1632; x_wconf 89' lang='grc'><strong>1131133</strong></span> <span class='ocrx_word' id='word_1_87' title='bbox 673 1584 813 1631; x_wconf 88' lang='grc'><strong>3133</strong></span> <span class='ocrx_word' id='word_1_88' title='bbox 846 1586 1107 1653; x_wconf 88' lang='lat' dir='ltr'>quarum</span> <span class='ocrx_word' id='word_1_89' title='bbox 1154 1567 1354 1633; x_wconf 89' lang='lat' dir='ltr'>altera</span> <span class='ocrx_word' id='word_1_90' title='bbox 1396 1568 1808 1650; x_wconf 89' lang='lat' dir='ltr'>inscriptione</span> <span class='ocrx_word' id='word_1_91' title='bbox 1852 1572 2041 1636; x_wconf 92' lang='lat' dir='ltr'>modo</span> <span class='ocrx_word' id='word_1_92' title='bbox 2089 1574 2308 1637; x_wconf 87' lang='lat' dir='ltr'>ornata</span> 
     </span>
     <span class='ocr_line' id='line_1_14' title="bbox 217 1670 2305 1751; baseline 0.001 -14"><span class='ocrx_word' id='word_1_93' title='bbox 217 1674 341 1751; x_wconf 89' lang='lat' dir='ltr'>est,</span> <span class='ocrx_word' id='word_1_94' title='bbox 391 1672 594 1737; x_wconf 85' lang='lat' dir='ltr'>altera</span> <span class='ocrx_word' id='word_1_95' title='bbox 633 1671 698 1735; x_wconf 89' lang='lat' dir='ltr'>et</span> <span class='ocrx_word' id='word_1_96' title='bbox 729 1670 1191 1737; x_wconf 89' lang='lat' dir='ltr'>dedicationem</span> <span class='ocrx_word' id='word_1_97' title='bbox 1236 1674 1299 1738; x_wconf 89' lang='lat' dir='ltr'>et</span> <span class='ocrx_word' id='word_1_98' title='bbox 1343 1673 1613 1737; x_wconf 89' lang='lat' dir='ltr'>arietum</span> <span class='ocrx_word' id='word_1_99' title='bbox 1661 1673 1741 1737; x_wconf 91' lang='lat' dir='ltr'>ad</span> <span class='ocrx_word' id='word_1_100' title='bbox 1788 1693 1926 1738; x_wconf 90' lang='lat' dir='ltr'>eam</span> <span class='ocrx_word' id='word_1_101' title='bbox 1961 1677 2305 1740; x_wconf 87' lang='lat' dir='ltr'>ornandam</span> 
     </span>
     <span class='ocr_line' id='line_1_15' title="bbox 216 1775 2305 1859; baseline 0.003 -20"><span class='ocrx_word' id='word_1_102' title='bbox 216 1775 349 1842; x_wconf 89' lang='lat' dir='ltr'>duo</span> <span class='ocrx_word' id='word_1_103' title='bbox 411 1775 623 1858; x_wconf 88' lang='lat' dir='ltr'>capita</span> <span class='ocrx_word' id='word_1_104' title='bbox 681 1794 830 1857; x_wconf 87' lang='lat' dir='ltr'>prae</span> <span class='ocrx_word' id='word_1_105' title='bbox 888 1794 951 1840; x_wconf 90' lang='lat' dir='ltr'>se</span> <span class='ocrx_word' id='word_1_106' title='bbox 1022 1775 1189 1842; x_wconf 87' lang='lat' dir='ltr'>fert·.·</span> <span class='ocrx_word' id='word_1_107' title='bbox 1259 1776 1526 1842; x_wconf 87' lang='lat' dir='ltr'>Gemma</span> <span class='ocrx_word' id='word_1_108' title='bbox 1572 1778 1877 1859; x_wconf 85' lang='lat' dir='ltr'>quaedam</span> <span class='ocrx_word' id='word_1_109' title='bbox 1924 1782 2143 1844; x_wconf 89' lang='grc'><strong>0111313</strong></span> <span class='ocrx_word' id='word_1_110' title='bbox 2210 1782 2305 1845; x_wconf 84' lang='grc'>331</span> 
     </span>
     <span class='ocr_line' id='line_1_16' title="bbox 216 1880 2301 1963; baseline 0.003 -19"><span class='ocrx_word' id='word_1_111' title='bbox 216 1881 470 1958; x_wconf 87' lang='grc'><strong>3111013,</strong></span> <span class='ocrx_word' id='word_1_112' title='bbox 519 1898 723 1959; x_wconf 84' lang='lat' dir='ltr'>corvo,</span> <span class='ocrx_word' id='word_1_113' title='bbox 772 1898 974 1959; x_wconf 89' lang='lat' dir='ltr'>cervo,</span> <span class='ocrx_word' id='word_1_114' title='bbox 1039 1881 1294 1946; x_wconf 89' lang='lat' dir='ltr'>homine</span> <span class='ocrx_word' id='word_1_115' title='bbox 1342 1900 1481 1946; x_wconf 91' lang='lat' dir='ltr'>cum</span> <span class='ocrx_word' id='word_1_116' title='bbox 1529 1880 1691 1946; x_wconf 88' lang='lat' dir='ltr'>tiara</span> <span class='ocrx_word' id='word_1_117' title='bbox 1735 1883 1836 1947; x_wconf 85' lang='lat' dir='ltr'>vel</span> <span class='ocrx_word' id='word_1_118' title='bbox 1884 1882 2063 1963; x_wconf 88' lang='lat' dir='ltr'>vitta,</span> <span class='ocrx_word' id='word_1_119' title='bbox 2121 1884 2301 1951; x_wconf 90' lang='lat' dir='ltr'>leone</span> 
     </span>
     <span class='ocr_line' id='line_1_17' title="bbox 218 1984 2301 2067; baseline 0.002 -18"><span class='ocrx_word' id='word_1_120' title='bbox 218 2003 255 2049; x_wconf 89' lang='lat' dir='ltr'>e</span> <span class='ocrx_word' id='word_1_121' title='bbox 304 2004 452 2050; x_wconf 84' lang='lat' dir='ltr'>saxo</span> <span class='ocrx_word' id='word_1_122' title='bbox 501 1984 890 2065; x_wconf 72' lang='lat' dir='ltr'>prosiliente.</span> <span class='ocrx_word' id='word_1_123' title='bbox 984 1984 1301 2065; x_wconf 85' lang='lat' dir='ltr'>Quamvis,</span> <span class='ocrx_word' id='word_1_124' title='bbox 1351 1985 1500 2067; x_wconf 91' lang='lat' dir='ltr'>quin</span> <span class='ocrx_word' id='word_1_125' title='bbox 1550 1986 1705 2050; x_wconf 89' lang='grc'><strong>11330</strong></span> <span class='ocrx_word' id='word_1_126' title='bbox 1750 2005 1851 2051; x_wconf 89' lang='grc'>133</span> <span class='ocrx_word' id='word_1_127' title='bbox 1906 1987 1987 2052; x_wconf 90' lang='lat' dir='ltr'>ad</span> <span class='ocrx_word' id='word_1_128' title='bbox 2030 1987 2301 2057; x_wconf 86' lang='lat' dir='ltr'>Mithrae</span> 
     </span>
     <span class='ocr_line' id='line_1_18' title="bbox 215 2088 2303 2173; baseline 0.001 -19"><span class='ocrx_word' id='word_1_129' title='bbox 215 2088 461 2154; x_wconf 91' lang='lat' dir='ltr'>cultum</span> <span class='ocrx_word' id='word_1_130' title='bbox 491 2088 873 2172; x_wconf 89' lang='lat' dir='ltr'>pertineant,</span> <span class='ocrx_word' id='word_1_131' title='bbox 922 2088 1182 2153; x_wconf 87' lang='lat' dir='ltr'>minime</span> <span class='ocrx_word' id='word_1_132' title='bbox 1222 2089 1308 2153; x_wconf 89' lang='lat' dir='ltr'>sit</span> <span class='ocrx_word' id='word_1_133' title='bbox 1340 2089 1623 2169; x_wconf 87' lang='lat' dir='ltr'>dubium,</span> <span class='ocrx_word' id='word_1_134' title='bbox 1669 2092 1903 2170; x_wconf 85' lang='lat' dir='ltr'>tamen,</span> <span class='ocrx_word' id='word_1_135' title='bbox 1937 2092 2087 2173; x_wconf 91' lang='lat' dir='ltr'>quid</span> <span class='ocrx_word' id='word_1_136' title='bbox 2132 2112 2303 2157; x_wconf 93' lang='lat' dir='ltr'>com-</span> 
     </span>
     <span class='ocr_line' id='line_1_19' title="bbox 218 2193 2301 2278; baseline 0 -18"><span class='ocrx_word' id='word_1_137' title='bbox 218 2194 457 2277; x_wconf 87' lang='lat' dir='ltr'>positio</span> <span class='ocrx_word' id='word_1_138' title='bbox 514 2193 633 2260; x_wconf 87' lang='grc'><strong>31111</strong></span> <span class='ocrx_word' id='word_1_139' title='bbox 700 2194 875 2274; x_wconf 88' lang='lat' dir='ltr'>velit,</span> <span class='ocrx_word' id='word_1_140' title='bbox 939 2214 1064 2260; x_wconf 91' lang='lat' dir='ltr'>non</span> <span class='ocrx_word' id='word_1_141' title='bbox 1122 2193 1443 2278; x_wconf 80' lang='lat' dir='ltr'>intellego,</span> <span class='ocrx_word' id='word_1_142' title='bbox 1537 2194 1806 2260; x_wconf 78' lang='lat' dir='ltr'>Accedit</span> <span class='ocrx_word' id='word_1_143' title='bbox 1869 2195 2079 2278; x_wconf 89' lang='lat' dir='ltr'>imago</span> <span class='ocrx_word' id='word_1_144' title='bbox 2133 2197 2301 2261; x_wconf 87' lang='lat' dir='ltr'>tauri</span> 
     </span>
     <span class='ocr_line' id='line_1_20' title="bbox 217 2299 2298 2384; baseline 0.001 -21"><span class='ocrx_word' id='word_1_145' title='bbox 217 2319 363 2363; x_wconf 89' lang='lat' dir='ltr'>cum</span> <span class='ocrx_word' id='word_1_146' title='bbox 395 2299 536 2378; x_wconf 86' lang='grc'><strong>3113,</strong></span> <span class='ocrx_word' id='word_1_147' title='bbox 571 2299 648 2364; x_wconf 91' lang='lat' dir='ltr'>de</span> <span class='ocrx_word' id='word_1_148' title='bbox 682 2319 806 2382; x_wconf 88' lang='lat' dir='ltr'>qua</span> <span class='ocrx_word' id='word_1_149' title='bbox 835 2299 927 2363; x_wconf 91' lang='lat' dir='ltr'>nil</span> <span class='ocrx_word' id='word_1_150' title='bbox 959 2299 1158 2364; x_wconf 89' lang='lat' dir='ltr'>habeo</span> <span class='ocrx_word' id='word_1_151' title='bbox 1192 2300 1361 2383; x_wconf 88' lang='lat' dir='ltr'>quod</span> <span class='ocrx_word' id='word_1_152' title='bbox 1391 2300 1725 2382; x_wconf 88' lang='lat' dir='ltr'>proferam.</span> <span class='ocrx_word' id='word_1_153' title='bbox 1794 2301 2016 2365; x_wconf 87' lang='lat' dir='ltr'>Restat</span> <span class='ocrx_word' id='word_1_154' title='bbox 2058 2299 2298 2384; x_wconf 87' lang='lat' dir='ltr'>effigies</span> 
     </span>
     <span class='ocr_line' id='line_1_21' title="bbox 217 2404 2298 2488; baseline 0.001 -19"><span class='ocrx_word' id='word_1_155' title='bbox 217 2404 647 2486; x_wconf 89' lang='lat' dir='ltr'>mactationis,</span> <span class='ocrx_word' id='word_1_156' title='bbox 691 2404 759 2469; x_wconf 92' lang='lat' dir='ltr'>in</span> <span class='ocrx_word' id='word_1_157' title='bbox 806 2423 928 2487; x_wconf 85' lang='lat' dir='ltr'>qua</span> <span class='ocrx_word' id='word_1_158' title='bbox 969 2406 1179 2470; x_wconf 88' lang='lat' dir='ltr'>taurus</span> <span class='ocrx_word' id='word_1_159' title='bbox 1222 2406 1396 2470; x_wconf 87' lang='lat' dir='ltr'>vultu</span> <span class='ocrx_word' id='word_1_160' title='bbox 1453 2405 1665 2470; x_wconf 89' lang='lat' dir='ltr'>avium</span> <span class='ocrx_word' id='word_1_161' title='bbox 1718 2405 1915 2470; x_wconf 87' lang='lat' dir='ltr'>simili</span> <span class='ocrx_word' id='word_1_162' title='bbox 1974 2407 2298 2488; x_wconf 89' lang='lat' dir='ltr'>praeditus</span> 
     </span>
     <span class='ocr_line' id='line_1_22' title="bbox 218 2508 2296 2594; baseline 0 -21"><span class='ocrx_word' id='word_1_163' title='bbox 218 2510 449 2574; x_wconf 84' lang='lat' dir='ltr'>exstat.</span> <span class='ocrx_word' id='word_1_164' title='bbox 555 2508 780 2575; x_wconf 83' lang='lat' dir='ltr'>Cetera</span> <span class='ocrx_word' id='word_1_165' title='bbox 839 2510 1053 2575; x_wconf 90' lang='lat' dir='ltr'>omnia</span> <span class='ocrx_word' id='word_1_166' title='bbox 1114 2509 1369 2594; x_wconf 91' lang='lat' dir='ltr'>cognita</span> <span class='ocrx_word' id='word_1_167' title='bbox 1425 2529 1625 2594; x_wconf 88' lang='lat' dir='ltr'>neque</span> <span class='ocrx_word' id='word_1_168' title='bbox 1685 2509 1817 2574; x_wconf 89' lang='lat' dir='ltr'>ulla</span> <span class='ocrx_word' id='word_1_169' title='bbox 1878 2509 2296 2593; x_wconf 85' lang='lat' dir='ltr'>explicatione</span> 
     </span>
     <span class='ocr_line' id='line_1_23' title="bbox 217 2614 1872 2698; baseline 0.001 -20"><span class='ocrx_word' id='word_1_170' title='bbox 217 2614 415 2698; x_wconf 85' lang='lat' dir='ltr'>digna</span> <span class='ocrx_word' id='word_1_171' title='bbox 459 2616 620 2679; x_wconf 85' lang='lat' dir='ltr'>sunt.</span> <span class='ocrx_word' id='word_1_172' title='bbox 1869 2629 1872 2630; x_wconf 71' lang='grc'>’</span> 
     </span>
    </p>
   </div>
   <div class='ocr_carea' id='block_1_5' title="bbox 205 2943 2773 4280">
    <p class='ocr_par' dir='ltr' id='par_1_5' title="bbox 205 2943 2773 4280">
     <span class='ocr_line' id='line_1_24' title="bbox 386 2943 2773 3026; baseline -0.001 -18"><span class='ocrx_word' id='word_1_173' title='bbox 386 2943 623 3024; x_wconf 83' lang='lat' dir='ltr'>Quibus</span> <span class='ocrx_word' id='word_1_174' title='bbox 657 2943 962 3026; x_wconf 87' lang='lat' dir='ltr'>expositis</span> <span class='ocrx_word' id='word_1_175' title='bbox 994 2943 1418 3026; x_wconf 87' lang='lat' dir='ltr'>investigandi</span> <span class='ocrx_word' id='word_1_176' title='bbox 1450 2946 1597 3010; x_wconf 87' lang='lat' dir='ltr'>sunt</span> <span class='ocrx_word' id='word_1_177' title='bbox 1628 2944 1870 3010; x_wconf 90' lang='lat' dir='ltr'>nummi</span> <span class='ocrx_word' id='word_1_178' title='bbox 1901 2943 1982 3013; x_wconf 80' lang='lat' dir='ltr'>ad</span> <span class='ocrx_word' id='word_1_179' title='bbox 2017 2944 2287 3011; x_wconf 89' lang='lat' dir='ltr'>Mithrae</span> <span class='ocrx_word' id='word_1_180' title='bbox 2364 2953 2412 3008; x_wconf 81' lang='lat' dir='ltr'>L.</span> <span class='ocrx_word' id='word_1_181' title='bbox 2441 2969 2486 3022; x_wconf 79' lang='lat' dir='ltr'>p.</span> <span class='ocrx_word' id='word_1_182' title='bbox 2515 2949 2590 3007; x_wconf 77' lang='lat' dir='ltr'>Gn</span> <span class='ocrx_word' id='word_1_183' title='bbox 2627 2955 2773 3006; x_wconf 76' lang='lat'><strong>1-3,</strong></span> 
     </span>
     <span class='ocr_line' id='line_1_25' title="bbox 210 3047 2287 3140; baseline 0 -26"><span class='ocrx_word' id='word_1_184' title='bbox 210 3050 456 3114; x_wconf 87' lang='lat' dir='ltr'>cultum</span> <span class='ocrx_word' id='word_1_185' title='bbox 532 3050 909 3131; x_wconf 78' lang='lat' dir='ltr'>spectantes,</span> <span class='ocrx_word' id='word_1_186' title='bbox 1032 3047 1313 3112; x_wconf 91' lang='lat' dir='ltr'>Primum</span> <span class='ocrx_word' id='word_1_187' title='bbox 1389 3048 1556 3113; x_wconf 91' lang='lat' dir='ltr'>enim</span> <span class='ocrx_word' id='word_1_188' title='bbox 1633 3048 2080 3113; x_wconf 90' lang='lat' dir='ltr'>describendos</span> <span class='ocrx_word' id='word_1_189' title='bbox 2154 3068 2287 3140; x_wconf 82' lang='lat' dir='ltr'>esse</span> 
     </span>
     <span class='ocr_line' id='line_1_26' title="bbox 210 3151 2290 3236; baseline 0 -19"><span class='ocrx_word' id='word_1_190' title='bbox 210 3154 460 3236; x_wconf 87' lang='lat' dir='ltr'>cogites</span> <span class='ocrx_word' id='word_1_191' title='bbox 524 3153 795 3236; x_wconf 90' lang='lat' dir='ltr'>quinque</span> <span class='ocrx_word' id='word_1_192' title='bbox 860 3168 1166 3230; x_wconf 85' lang='grc'><strong>111111111103,</strong></span> <span class='ocrx_word' id='word_1_193' title='bbox 1230 3171 1384 3234; x_wconf 90' lang='lat' dir='ltr'>quos</span> <span class='ocrx_word' id='word_1_194' title='bbox 1442 3151 1657 3216; x_wconf 88' lang='lat' dir='ltr'>tabula</span> <span class='ocrx_word' id='word_1_195' title='bbox 1710 3153 2091 3235; x_wconf 85' lang='lat' dir='ltr'>sexagesima</span> <span class='ocrx_word' id='word_1_196' title='bbox 2146 3171 2290 3235; x_wconf 90' lang='lat' dir='ltr'>sep-</span> 
     </span>
     <span class='ocr_line' id='line_1_27' title="bbox 208 3255 2288 3340; baseline 0.002 -20"><span class='ocrx_word' id='word_1_197' title='bbox 208 3257 374 3321; x_wconf 88' lang='lat' dir='ltr'>tima</span> <span class='ocrx_word' id='word_1_198' title='bbox 450 3257 728 3340; x_wconf 88' lang='lat' dir='ltr'>praebet.</span> <span class='ocrx_word' id='word_1_199' title='bbox 857 3256 1011 3322; x_wconf 86' lang='lat' dir='ltr'>Cum</span> <span class='ocrx_word' id='word_1_200' title='bbox 1092 3258 1320 3336; x_wconf 89' lang='lat' dir='ltr'>autem,</span> <span class='ocrx_word' id='word_1_201' title='bbox 1409 3257 1622 3321; x_wconf 89' lang='lat' dir='ltr'>utrum</span> <span class='ocrx_word' id='word_1_202' title='bbox 1700 3256 1849 3322; x_wconf 90' lang='lat' dir='ltr'>solis</span> <span class='ocrx_word' id='word_1_203' title='bbox 1933 3255 2128 3337; x_wconf 88' lang='lat' dir='ltr'>ipsius</span> <span class='ocrx_word' id='word_1_204' title='bbox 2208 3279 2288 3324; x_wconf 92' lang='lat' dir='ltr'>an</span> 
     </span>
     <span class='ocr_line' id='line_1_28' title="bbox 207 3359 2288 3443; baseline -0.001 -16"><span class='ocrx_word' id='word_1_205' title='bbox 207 3362 488 3427; x_wconf 87' lang='lat' dir='ltr'>Mithrae</span> <span class='ocrx_word' id='word_1_206' title='bbox 535 3361 664 3425; x_wconf 89' lang='grc'><strong>31111</strong></span> <span class='ocrx_word' id='word_1_207' title='bbox 705 3359 863 3425; x_wconf 83' lang='grc'><strong>33011</strong></span> <span class='ocrx_word' id='word_1_208' title='bbox 909 3360 1046 3443; x_wconf 87' lang='lat' dir='ltr'>typi</span> <span class='ocrx_word' id='word_1_209' title='bbox 1092 3361 1246 3426; x_wconf 85' lang='lat' dir='ltr'>satis</span> <span class='ocrx_word' id='word_1_210' title='bbox 1292 3360 1558 3424; x_wconf 90' lang='lat' dir='ltr'>minime</span> <span class='ocrx_word' id='word_1_211' title='bbox 1604 3362 1878 3440; x_wconf 87' lang='lat' dir='ltr'>constet,</span> <span class='ocrx_word' id='word_1_212' title='bbox 1944 3379 2049 3425; x_wconf 90' lang='lat' dir='ltr'>eos</span> <span class='ocrx_word' id='word_1_213' title='bbox 2118 3381 2288 3427; x_wconf 89' lang='lat' dir='ltr'>com-</span> 
     </span>
     <span class='ocr_line' id='line_1_29' title="bbox 209 3463 2284 3549; baseline -0.001 -16"><span class='ocrx_word' id='word_1_214' title='bbox 209 3484 601 3533; x_wconf 88' lang='lat' dir='ltr'>memorasse</span> <span class='ocrx_word' id='word_1_215' title='bbox 685 3465 839 3531; x_wconf 88' lang='lat' dir='ltr'>satis</span> <span class='ocrx_word' id='word_1_216' title='bbox 921 3464 1080 3529; x_wconf 91' lang='lat' dir='ltr'>mihi</span> <span class='ocrx_word' id='word_1_217' title='bbox 1170 3463 1438 3532; x_wconf 84' lang='lat' dir='ltr'>videtur.</span> <span class='ocrx_word' id='word_1_218' title='bbox 1563 3466 1637 3529; x_wconf 87' lang='lat' dir='ltr'>In</span> <span class='ocrx_word' id='word_1_219' title='bbox 1720 3463 1954 3549; x_wconf 89' lang='lat' dir='ltr'>pagina</span> <span class='ocrx_word' id='word_1_220' title='bbox 2043 3468 2284 3546; x_wconf 84' lang='lat' dir='ltr'>autem,</span> 
     </span>
     <span class='ocr_line' id='line_1_30' title="bbox 210 3568 2285 3654; baseline -0 -18"><span class='ocrx_word' id='word_1_221' title='bbox 210 3589 368 3654; x_wconf 87' lang='lat' dir='ltr'>quae</span> <span class='ocrx_word' id='word_1_222' title='bbox 427 3569 810 3653; x_wconf 90' lang='lat' dir='ltr'>descriptam</span> <span class='ocrx_word' id='word_1_223' title='bbox 869 3568 1169 3651; x_wconf 88' lang='lat' dir='ltr'>sequitur,</span> <span class='ocrx_word' id='word_1_224' title='bbox 1234 3568 1484 3651; x_wconf 89' lang='lat' dir='ltr'>saepius</span> <span class='ocrx_word' id='word_1_225' title='bbox 1539 3569 1785 3635; x_wconf 89' lang='lat' dir='ltr'>invenis</span> <span class='ocrx_word' id='word_1_226' title='bbox 1830 3570 2285 3636; x_wconf 90' lang='lat' dir='ltr'>mactationem</span> 
     </span>
     <span class='ocr_line' id='line_1_31' title="bbox 209 3672 2279 3758; baseline -0.001 -18"><span class='ocrx_word' id='word_1_227' title='bbox 209 3694 351 3741; x_wconf 85' lang='lat' dir='ltr'>cum</span> <span class='ocrx_word' id='word_1_228' title='bbox 400 3672 656 3758; x_wconf 89' lang='lat' dir='ltr'>cognito</span> <span class='ocrx_word' id='word_1_229' title='bbox 686 3674 1162 3739; x_wconf 84' lang='lat' dir='ltr'>simulacrorum</span> <span class='ocrx_word' id='word_1_230' title='bbox 1207 3674 1532 3757; x_wconf 89' lang='lat' dir='ltr'>apparatu,</span> <span class='ocrx_word' id='word_1_231' title='bbox 1579 3673 1824 3755; x_wconf 82' lang='lat' dir='ltr'>saepius</span> <span class='ocrx_word' id='word_1_232' title='bbox 1858 3690 2097 3756; x_wconf 87' lang='lat' dir='ltr'>quoque</span> <span class='ocrx_word' id='word_1_233' title='bbox 2143 3692 2279 3738; x_wconf 91' lang='lat' dir='ltr'>cur-</span> 
     </span>
     <span class='ocr_line' id='line_1_32' title="bbox 207 3777 2286 3846; baseline -0.001 -1"><span class='ocrx_word' id='word_1_234' title='bbox 207 3790 345 3845; x_wconf 85' lang='lat' dir='ltr'>rum</span> <span class='ocrx_word' id='word_1_235' title='bbox 389 3778 560 3846; x_wconf 78' lang='lat' dir='ltr'>solie.</span> <span class='ocrx_word' id='word_1_236' title='bbox 647 3780 805 3843; x_wconf 90' lang='lat' dir='ltr'>Prae</span> <span class='ocrx_word' id='word_1_237' title='bbox 852 3779 1078 3845; x_wconf 89' lang='lat' dir='ltr'>ceteris</span> <span class='ocrx_word' id='word_1_238' title='bbox 1124 3778 1312 3844; x_wconf 90' lang='lat' dir='ltr'>modo</span> <span class='ocrx_word' id='word_1_239' title='bbox 1359 3777 1798 3844; x_wconf 89' lang='lat' dir='ltr'>memorandus</span> <span class='ocrx_word' id='word_1_240' title='bbox 1847 3777 2007 3842; x_wconf 92' lang='lat' dir='ltr'>mihi</span> <span class='ocrx_word' id='word_1_241' title='bbox 2037 3777 2286 3843; x_wconf 84' lang='lat' dir='ltr'>videtur</span> 
     </span>
     <span class='ocr_line' id='line_1_33' title="bbox 206 3881 2282 3963; baseline -0.002 -13"><span class='ocrx_word' id='word_1_242' title='bbox 206 3885 302 3950; x_wconf 83' lang='lat' dir='ltr'>vir</span> <span class='ocrx_word' id='word_1_243' title='bbox 332 3883 530 3949; x_wconf 84' lang='lat' dir='ltr'>nudus</span> <span class='ocrx_word' id='word_1_244' title='bbox 563 3884 627 3948; x_wconf 90' lang='lat' dir='ltr'>et</span> <span class='ocrx_word' id='word_1_245' title='bbox 658 3882 858 3947; x_wconf 89' lang='lat' dir='ltr'>alatus</span> <span class='ocrx_word' id='word_1_246' title='bbox 904 3884 1175 3949; x_wconf 87' lang='lat' dir='ltr'>statuam</span> <span class='ocrx_word' id='word_1_247' title='bbox 1204 3881 1483 3949; x_wconf 90' lang='lat' dir='ltr'>hominis</span> <span class='ocrx_word' id='word_1_248' title='bbox 1517 3884 1808 3963; x_wconf 88' lang='lat' dir='ltr'>serpente</span> <span class='ocrx_word' id='word_1_249' title='bbox 1841 3881 2282 3947; x_wconf 88' lang='lat' dir='ltr'>circumstricti</span> 
     </span>
     <span class='ocr_line' id='line_1_34' title="bbox 206 3985 2280 4055; baseline -0.002 -1"><span class='ocrx_word' id='word_1_250' title='bbox 206 3988 475 4055; x_wconf 86' lang='lat' dir='ltr'>adorans</span> <span class='ocrx_word' id='word_1_251' title='bbox 523 3989 587 4052; x_wconf 88' lang='lat' dir='ltr'>et</span> <span class='ocrx_word' id='word_1_252' title='bbox 632 3987 758 4051; x_wconf 89' lang='lat' dir='ltr'>alia</span> <span class='ocrx_word' id='word_1_253' title='bbox 802 3987 1085 4053; x_wconf 89' lang='lat' dir='ltr'>eiusdem</span> <span class='ocrx_word' id='word_1_254' title='bbox 1130 3985 1303 4052; x_wconf 83' lang='lat' dir='ltr'>modi</span> <span class='ocrx_word' id='word_1_255' title='bbox 1349 3986 1573 4052; x_wconf 90' lang='lat' dir='ltr'>statua.</span> <span class='ocrx_word' id='word_1_256' title='bbox 1665 3987 1877 4052; x_wconf 88' lang='lat' dir='ltr'>Semel</span> <span class='ocrx_word' id='word_1_257' title='bbox 1931 3987 2119 4052; x_wconf 91' lang='lat' dir='ltr'>modo</span> <span class='ocrx_word' id='word_1_258' title='bbox 2170 4005 2280 4051; x_wconf 92' lang='lat' dir='ltr'>no-</span> 
     </span>
     <span class='ocr_line' id='line_1_35' title="bbox 205 4089 2281 4181; baseline -0.001 -24"><span class='ocrx_word' id='word_1_259' title='bbox 205 4093 376 4157; x_wconf 88' lang='lat' dir='ltr'>mine</span> <span class='ocrx_word' id='word_1_260' title='bbox 420 4092 739 4181; x_wconf 72' lang='grc' dir='ltr'><strong><em>Μείθρας</em></strong></span> <span class='ocrx_word' id='word_1_261' title='bbox 785 4093 849 4156; x_wconf 92' lang='grc'>31</span> <span class='ocrx_word' id='word_1_262' title='bbox 892 4091 1080 4156; x_wconf 88' lang='grc'><strong>313113</strong></span> <span class='ocrx_word' id='word_1_263' title='bbox 1130 4108 1419 4155; x_wconf 88' lang='lat' dir='ltr'>nummus</span> <span class='ocrx_word' id='word_1_264' title='bbox 1474 4091 1727 4156; x_wconf 86' lang='lat' dir='ltr'>ornatus</span> <span class='ocrx_word' id='word_1_265' title='bbox 1771 4091 1987 4157; x_wconf 87' lang='lat' dir='ltr'>exstat.</span> <span class='ocrx_word' id='word_1_266' title='bbox 2060 4089 2281 4156; x_wconf 87' lang='lat' dir='ltr'>Altera</span> 
     </span>
     <span class='ocr_line' id='line_1_36' title="bbox 205 4194 2281 4280; baseline -0.002 -18"><span class='ocrx_word' id='word_1_267' title='bbox 205 4215 461 4280; x_wconf 86' lang='lat' dir='ltr'>gemma</span> <span class='ocrx_word' id='word_1_268' title='bbox 506 4196 731 4261; x_wconf 86' lang='lat' dir='ltr'>bovem</span> <span class='ocrx_word' id='word_1_269' title='bbox 778 4196 1056 4261; x_wconf 85' lang='lat' dir='ltr'>ostendit</span> <span class='ocrx_word' id='word_1_270' title='bbox 1098 4196 1488 4278; x_wconf 84' lang='lat' dir='ltr'>pascentem,</span> <span class='ocrx_word' id='word_1_271' title='bbox 1536 4195 1638 4260; x_wconf 88' lang='lat' dir='ltr'>cui</span> <span class='ocrx_word' id='word_1_272' title='bbox 1700 4195 1886 4277; x_wconf 88' lang='lat' dir='ltr'>caput</span> <span class='ocrx_word' id='word_1_273' title='bbox 1932 4194 2049 4260; x_wconf 90' lang='lat' dir='ltr'>Dei</span> <span class='ocrx_word' id='word_1_274' title='bbox 2109 4195 2281 4259; x_wconf 85' lang='lat' dir='ltr'>iuxta</span> 
     </span>
    </p>
   </div>
  </div>
 </body>
</html>
