2925 4802
1136 271 1221 337 ‚99

147 495 282 543 cum
344 480 525 543 rebus
571 478 822 559 saepius
871 477 1200 556 explicatis
1257 493 1402 556 prae
1466 475 1693 540 ceteris
1755 475 1987 540 furtum
2049 476 2224 541 bovis

149 586 433 665 quattuor
497 582 883 665 imaginibus
930 579 1299 646 ostenditur.
1393 578 1680 643 Primum
1748 580 1923 643 vides
1991 579 2227 643 animal

148 706 426 770 pascens,
493 686 722 750 deinde
773 686 978 749 Deum
1040 686 1261 749 bovem
1317 684 1553 746 umeris
1600 683 1989 765 impositum,
2041 688 2225 764 p'orro

149 791 443 855 Mithram
521 791 585 852 in
654 792 838 854 tauro
919 787 1195 872 fugiente
1271 787 1610 866 iacentem,
1683 786 1949 870 denique
2020 789 2223 852 Deum

152 894 378 959 animal
408 894 858 976 posterioribus
891 892 1150 974 pedibus
1182 893 1500 956 tenentem
1549 896 1612 958 et
1643 894 1811 956 retro
1843 892 2223 957 trahentem.

149 1000 361 1064 Altera
402 1018 549 1082 pars
594 999 855 1080 praebet
909 997 1029 1061 Dei
1075 995 1409 1061 simulacra
1454 997 1592 1076 du0,
1644 1016 1906 1079 quorum
1955 997 2225 1062 alterum

153 1102 324 1167 illum
372 1123 402 1167 e
452 1106 633 1185 petra
687 1102 997 1167 orientem
1071 1119 1208 1165 cum
1258 1100 1474 1184 gladio
1537 1119 1651 1166 nec
1715 1121 1839 1166 non
1886 1120 2028 1165 cum
2076 1120 2226 1167 saxo

155 1206 400 1289 globoso
476 1207 783 1285 ostendit,
860 1207 1129 1272 alterum
1206 1208 1486 1271 montem
1564 1207 2008 1271 ascendentem
2086 1220 2227 1270 cum

156 1312 400 1391 circulo,
436 1313 513 1376 de
561 1331 700 1394 quo,
748 1310 867 1375 nisi
901 1313 997 1376 est
1030 1329 1264 1375 corona
1296 1310 1479 1375 lunae
1513 1311 1613 1376 vel
1646 1309 1820 1388 solis,
1868 1310 1963 1374 nil
1996 1308 2227 1374 certius

155 1417 428 1499 cognovi.
521 1416 777 1500 Cogites
824 1418 1032 1481 autem
1089 1417 1165 1481 de
1197 1416 1477 1494 Atlante,
1525 1414 1648 1478 nisi
1695 1415 1966 1500 phrygio
2007 1413 2228 1479 habitu

156 1523 308 1587 esset
361 1521 653 1586 vestitus.
747 1519 881 1599 Qua
958 1519 1032 1585 de
1098 1539 1281 1586 cansa
1342 1521 1631 1603 equidem
1698 1521 1864 1584 malo
1925 1535 2227 1602 personas

155 1623 259 1689 has
302 1625 608 1690 Mithram
668 1626 873 1708 ipsum
936 1644 1124 1708 quam
1192 1625 1386 1689 alium
1448 1625 1789 1689 caelestem
1839 1624 2022 1688 deum
2071 1641 2224 1690 esse.

155 1729 350 1796 Homo
397 1750 608 1813 porro,
658 1730 806 1813 quid
852 1730 975 1794 sibi
1020 1729 1193 1808 velit,
1229 1729 1406 1792 humi
1452 1731 1818 1811 prostratim,
1868 1747 2080 1793 eruere
2129 1748 2230 1792 me

161 1834 408 1916 nequire
453 1835 675 1899 fateor.
774 1834 999 1898 Restat
1042 1833 1254 1918 imago
1301 1834 1578 1900 virorum
1627 1832 1884 1924 duorum
1930 1833 2009 1898 ad
2055 1851 2229 1896 aram

157 1934 470 2019 stantium,
539 1957 804 2022 qnorum
860 1938 1021 2002 alter
1080 1939 1348 2003 alterum
1422 1940 1630 2003 valere
1684 1939 1898 2003 iubere
1962 1938 2228 2004 videtur.

157 2039 239 2105 Ex
298 2062 419 2124 quo
493 2059 834 2124 cognoscas
900 2041 1206 2106 Mithram
1263 2044 1468 2108 Deum
1537 2062 1781 2125 quoque
1841 2042 2033 2107 fuisse
2080 2042 2229 2107 boni

158 2145 399 2210 reditus.
492 2146 658 2210 Mihi
705 2146 956 2229 quidem
1008 2147 1272 2211 minime
1320 2165 1684 2228 persuasum
1736 2149 1848 2225 est,
1913 2165 2068 2229 quae
2119 2146 2231 2209 alii

160 2251 485 2331 scriptores
545 2251 842 2330 statuere,
876 2249 1006 2334 ⁴his
1070 2251 1459 2334 imaginibus
1524 2252 1943 2319 demonstrari
2013 2251 2232 2317 foedus

163 2356 436 2427 sanctum
505 2353 703 2433 feriri,
779 2354 1130 2439 ‚Iovemque
1192 2372 1327 2421 esse
1383 2356 1706 2422 hominem
1780 2376 1922 2422 cum
1990 2357 2232 2440 fulgure

160 2456 328 2523 humi
374 2460 782 2542 prostratum.
872 2461 1224 2525 Postremis
1273 2462 1538 2544 denique
1584 2480 1688 2527 sex
1737 2461 2091 2526 simulacris
2137 2462 2235 2525 ‘m-

162 2566 316 2627 serta
361 2566 507 2629 sunt
553 2563 674 2629 duo
707 2565 918 2648 capita
949 2566 1202 2630 deorum
1236 2567 1584 2646 ventorum,
1633 2567 1804 2630 Deus
1838 2569 1903 2631 et
1947 2567 2232 2631 arborem

164 2670 365 2733 colens
412 2673 476 2735 et
523 2691 595 2735 ex
642 2672 863 2736 arbore
909 2672 1110 2736 oriens
1156 2671 1507 2744 fertilitatis
1539 2671 1772 2753 gradus
1816 2670 2062 2748 docens,
2113 2669 2233 2734 duo

164 2771 390 2837 milites
419 2773 763 2855 Mithriaci,
811 2775 1075 2839 arcubus
1121 2794 1273 2840 saxa
1295 2777 1605 2857 petenteS,
1657 2774 1732 2839 de
1782 2776 2001 2859 quibus
2048 2794 2238 2856 supra

165 2876 335 2956 plura
376 2878 700 2961 explicavi,
747 2880 1013 2961 denique
1060 2882 1152 2944 sol
1200 2881 1425 2960 oriens,
1484 2881 1589 2945 cui
1628 2881 1778 2945 deus
1822 2879 2091 2945 Mithres
2138 2881 2237 2943 est

166 2981 509 3061 applicatus
555 2986 621 3048 et
649 2984 796 3049 luna
828 2985 1135 3050 occidens,
1208 2984 1444 3065 Quibus
1478 2986 1778 3067 expositis
1810 3003 2235 3049 commemoro

166 3084 298 3148 aliis
320 3086 477 3151 locis
500 3088 680 3168 plura
704 3088 779 3152 de
811 3088 928 3153 hac
953 3088 1229 3171 imagine
1253 3091 1578 3171 praeclara
1598 3088 1957 3154 Mithriaca
1971 3090 2236 3153 minime

167 3192 363 3254 autem
412 3190 676 3256 definita
723 3211 855 3258 esse
902 3192 1089 3261 dicta.

330 3418 483 3482 Cum
546 3419 757 3482 autem
816 3416 1057 3500 effigies
1103 3418 1355 3483 tabulae
1417 3436 1574 3503 quae
1639 3417 1921 3501 sequitur
1965 3419 2235 3500 pessime

166 3520 285 3585 sint
329 3521 514 3585 fictae
561 3521 869 3605 imagines
899 3523 1151 3586 artificii
1198 3523 1279 3586 ad
1324 3523 1391 3587 id
1438 3524 1604 3606 quod
1649 3523 1925 3605 perbene
1972 3524 2236 3603 praebet

166 3625 388 3707 pagina
419 3626 831 3707 nonagesima
877 3627 1098 3710 quarta
1141 3627 1267 3691 iam
1303 3626 1834 3708 progrediendum
1869 3628 1984 3695 est.
2045 3627 2236 3691 Plura

166 3728 322 3812 enim
382 3730 579 3813 atque
639 3730 932 3813 graviora
999 3729 1199 3797 affert.
1302 3730 1402 3795 Ad
1461 3732 1911 3797 mactationem
1976 3729 2232 3815 quidem

163 3830 603 3899 illustrandam
650 3834 825 3899 nulla
884 3834 1005 3899 nisi
1054 3835 1330 3917 cognitis
1389 3837 1576 3902 rebus
1643 3835 1865 3901 artifex
1909 3855 2054 3900 usus
2113 3835 2231 3913 est,

165 3955 316 4016 nova
360 3939 576 4002 autem
625 3938 701 4002 de
761 3939 935 4003 cultu
990 3942 1297 4020 praebent
1356 3940 1665 4024 imagines
1711 3940 1990 4006 minores
2051 3938 2231 4002 illam

167 4043 638 4110 circumdantes.
708 4046 804 4109 De
834 4043 1225 4110 initiatorum
1274 4044 1444 4108 enim
1476 4044 1953 4128 probationibus
1986 4044 2235 4107 exstant

168 4147 298 4210 octo
346 4147 448 4211 vel
496 4166 718 4212 novem
765 4147 1117 4213 simulacra.
1207 4148 1494 4213 Primum
1539 4147 1858 4213 hominem
1906 4149 2233 4212 natantem

167 4247 374 4315 videns
407 4252 651 4334 cogites
683 4252 759 4316 de
792 4253 933 4318 illis:
962 4250 1310 4329 initiandis,
1350 4251 1592 4334 quibus,
1640 4254 1710 4316 ut
1745 4252 2023 4335 corporis
2071 4253 2234 4317 vires

1858 4372 1925 4423 7³&

2306 3462 2338 3517 L
2375 3455 2715 3534 p.x01111‚2.

2352 3539 2404 3588 et
2442 3551 2485 3603 p.
2523 3534 2670 3592 XCIV.
