2925 4802
1142 267 1285 329 17-

122 472 369 540 elucet.
461 473 617 539 Cum
679 475 889 538 autem
957 474 1228 556 scriptor
1293 492 1521 556 graeca
1586 491 1735 539 voce
1799 492 1946 537 usus
2013 472 2225 536 tradat

120 576 466 666 σπήλαιον
529 579 775 644 καλῶσι
836 579 949 644 τόν
1012 577 1216 646 τόπον
1281 575 1443 646 ἔνθα
1520 595 1587 640 36
1678 575 2018 641 coniecisse
2086 575 2223 657 ipse

120 682 445 764 coarguit.
543 670 547 675 ’

313 871 464 935 Α110
509 870 652 935 1000
678 870 940 953 χ1116101111
974 889 1115 934 011111
1148 871 1483 955 Tryphone
1516 871 1805 936 Justinus
1836 869 2035 935 tradit
2065 870 2222 934 haec

117 974 241 1040 καὶ
313 971 712 1065 α’νιστόρησα
758 973 848 1061 ἣν
907 976 1043 1042 καὶ
1083 974 1481 1064 προέγραψα
1541 972 1680 1042 α’πὸ
1750 983 1874 1041 τοῦ
1948 971 2220 1041 Ἡσαΐου

115 1079 515 1168 περικοπὴν,
561 1077 768 1146 εἰπών
797 1081 908 1146 διὰ
939 1080 1098 1158 τούς
1127 1075 1365 1166 λόγους
1396 1076 1676 1156 ἐκείνους
1708 1078 1865 1158 τούς
1892 1079 1975 1146 τὰ
2003 1078 2223 1166 μίθρα

114 1180 466 1272 μυστήρια
537 1181 1023 1272 παραδιδόντας
1095 1181 1162 1247 ἐν
1234 1182 1420 1269 τόπῳ
1497 1180 1984 1267 ἐπικαλουμένῳ
2063 1180 2218 1269 παρ’

118 1287 368 1364 αὐτοῖς
426 1286 728 1373 σπηλαίῳ
770 1292 1090 1370 μυεῖσθαι
1148 1283 1262 1353 ὑπ’
1310 1287 1541 1364 αὖτιῦν,
1606 1287 1738 1354 ’ὑπὸ
1801 1294 1926 1352 τοῦ
1993 1283 2222 1369 διαβό·

116 1390 252 1455 λου
347 1388 759 1479 ἐνεργεθῆναι
842 1389 1047 1457 εἰπεῖν
1075 1390 1145 1472 ¹).
1255 1389 1601 1455 Recensuit
1692 1389 1861 1453 6111111
1950 1388 2222 1469 scriptor

119 1512 295 1576 qnae
355 1493 579 1557 Esaias
644 1494 951 1575 (XXXIII
1001 1495 1108 1576 16)
1148 1494 1258 1558 -de
1317 1492 1601 1578 symbolo
1663 1508 1883 1576 specus
1965 1491 2222 1573 scripsit

113 1597 372 1679 illaque
420 1597 498 1661 de
540 1596 666 1665 ,Dei
713 1597 880 1662 Solis
915 1598 1099 1661 cultu
1147 1597 1412 1662 addidit.
1503 1597 1852 1678 Praecipue
1898 1595 2061 1660 mihi
2108 1616 2222 1661 no-

113 1702 400 1766 tandum
449 1718 583 1765 esse
649 1701 899 1765 videtur
946 1700 1045 1764 his
1092 1719 1338 1783 quoque
1386 1701 1595 1766 verbis
1657 1699 1970 1765 affirmare
2017 1700 2222 1766 Justi-

115 1824 283 1869 num
369 1803 640 1887 gentiles
720 1823 828 1868 seu
893 1821 1174 1887 paganos
1236 1824 1360 1869 non
1422 1804 1488 1869 in
1555 1803 1824 1887 spelaeis
1880 1803 2221 1868 Mithriaca

116 1913 573 1993 perpetrasse,
639 1908 751 1973 sed
810 1909 938 1972 illis
999 1908 1155 1974 locis
1212 1909 1279 1973 in
1360 1910 1582 1992 quibus
1642 1928 1716 1974 66
1784 1911 1995 1974 6336111,
2053 1909 2221 1974 facta

116 2030 369 2077 nomen
413 2012 647 2096 spelaei
694 2012 1081 2077 attribuisse.
1173 2011 1345 2092 Quae
1401 2013 1664 2078 minime
1725 2016 2041 2078 narrasset
2098 2013 2219 2079 nisi

2296 859 2398 915 vui
2425 860 2710 915 2.]1131111115

2398 929 2601 1000 Martyr.

117 2119 428 2182 accurate
476 2135 550 2181 ea
595 2116 1024 2200 comperisset.
1101 2117 1191 2179 At
1235 2117 1510 2186 remita
1554 2135 1621 2181 36
1669 2117 1962 2182 habuisse
2001 2136 2218 2199 negeS‚
2307 2122 2310 2125 ’

119 2240 270 2285 011111
337 2220 474 2284 31116
541 2221 673 2287 11110
743 2220 933 2285 dubio
1002 2220 1276 2301 scriptor
1336 2220 1708 2286 vocabulum
1776 2221 2087 2302 persicum
2152 2221 2219 2285 in

122 2343 438 2410 graecum
507 2327 692 2390 modo
738 2342 1093 2391 sermonem
1149 2326 1537 2392 converterit
1604 2327 1785 2410 plura
1847 2327 1923 2390 de
1987 2327 2103 2390 hac
2152 2345 2217 2390 16

120 2450 241 2513 pro
293 2432 470 2495 certo
541 2449 667 2494 non
718 2430 976 2495 habens.
1038 2468 1117 2477 —
1182 2429 1468 2509 Quantus
1529 2432 1739 2495 autem
1799 2431 1969 2495 furor
2028 2431 2219 2497 fuerit

120 2534 462 2616 scrisptoris
512 2533 926 2603 ecclesiastici
971 2533 1243 2598 inillam
1291 2535 1560 2617 impiam
1593 2534 1712 2599 Dei
1746 2534 1911 2600 Solis
1958 2553 2219 2600 venera-

120 2639 375 2705 tionem
422 2639 577 2703 satis
638 2656 946 2724 superque
991 2640 1184 2704 verba
1230 2640 1460 2704 docent
1524 2640 1657 2706 ὐπό
1714 2646 1833 2707 τοῦ
1898 2639 2218 2725 διαβόλου

119 2743 575 2833 ἕνεργηθῆναι.

313 2949 824 3015 Commemorare
860 2969 1107 3033 quoque
1153 2951 1348 3015 liceat
1390 2951 1586 3016 verba
1618 2941 1948 3035 apologiae
1997 2969 2217 3016 secun-

122 3057 244 3121 dae
296 3075 413 3137 pro
467 3053 849 3120 Christianis
882 3055 1122 3121 Justini
1169 3056 1335 3147 ὅπερ
1382 3058 1491 3123 καὶ
1537 3054 1604 3122 ἐν
1632 3063 1775 3135 τοῖς
1817 3066 1939 3123 τοῦ
1969 3057 2216 3147 Μίθρα

116 3161 524 3252 μυστηρίοις
566 3160 942 3252 παρέδωκεν
985 3161 1283 3251 γίνεσθαι
1329 3162 1771 3249 μιμησάμενοι
1826 3162 1890 3229 οἱ
1944 3163 2216 3252 πονηροὶ

121 3264 460 3350 δαίμονες,
507 3264 613 3332 ὅτι
658 3265 785 3353 γὰρ
845 3265 1045 3354 ἄρτος
1107 3267 1216 3332 καὶ
1274 3265 1591 3355 ποτήριον
1655 3265 1896 3344 ὕδατος
1955 3265 2217 3333 τίθεται

118 3367 185 3434 ἐν
247 3374 407 3446 ταῖς
464 3376 587 3436 τοῦ
638 3366 1010 3452 μυουμένου
1087 3370 1375 3448 τελεταῖς
1434 3367 1573 3453 μετ’
1623 3366 1942 3458 ἕπιλόγιον
2008 3377 2215 3449 τινῶν,

120 3469 605 3558 ἢέπίστασθε,
673 3471 714 3557 ἢ
773 3478 1014 3555 μαθεῖν
1082 3473 1376 3540 δύνασθε
1400 3472 1472 3555 2).
1567 3469 1737 3550 Quae
1816 3471 1937 3535 sibi
2015 3471 2217 3537 velint

120 3595 158 3642 a
218 3574 540 3657 ‘scriptore
598 3575 839 3640 tradita
913 3575 1102 3641 facile
1171 3576 1525 3657 intelleges,
1619 3577 1708 3640 At
1766 3577 2000 3658 quanta
2058 3576 2215 3640 fides

118 3680 338 3744 verbis
388 3679 483 3743 ‘sit
527 3680 862 3744 tribuenda
923 3700 1036 3762 pro
1099 3682 1271 3744 certo
1321 3699 1442 3745 non
1503 3678 1722 3744 habeo.
1801 3680 1895 3743 Ac
1941 3679 2213 3762 primum

100 3775 386 3867 'quidem
437 3782 842 3847 statuendum
888 3802 1023 3848 esse
1071 3784 1228 3866 puto
1276 3802 1347 3848 ex
1387 3784 1595 3848 verbis
1647 3784 1708 3850 οἱ·
1752 3786 2031 3874 πονηροὶ
2075 3784 2189 3851 δαί

118 3912 321 3972 μονες
366 3887 602 3974 iterum
650 3886 894 3954 elucere
927 3888 1301 3972 scriptorem
1332 3887 1513 3953 valde
1546 3888 1887 3952 Mithriaca
1919 3886 2216 3952 condem-

122 4011 328 4058 nasse.
426 3990 597 4069 Quae
644 4011 787 4056 cum
835 3993 926 4056 ita
969 3992 1100 4057 sint
1147 3994 1397 4057 constat
1455 4011 1596 4056 eum
1656 3994 1782 4071 aut,
1845 4010 1986 4055 cum
2048 3991 2215 4056 facta

305 4166 343 4232 ¹)
384 4165 424 4218 1.
463 4180 508 4219 c.
545 4164 648 4216 237
687 4164 851 4238 (304).

298 4251 341 4320 ²)
377 4251 415 4305 1.
456 4267 501 4305 c.
538 4250 622 4305 98.

1872 4354 1903 4402 [Ο

2287 2957 2389 3013 vm
2410 2958 2700 3014 3.]1131111113

2396 3028 2597 3099 Martyr.
