2925 4802
1192 265 1267 326 11

188 473 454 538 tradunt
494 471 740 538 codices
772 472 1207 555 manuscripti)
1240 495 1493 536 sacrum
1536 486 1592 536 et
1635 485 1948 536 aeternum
1978 472 2273 537 invocans

186 579 420 665 cynem,
465 590 531 640 ut
582 575 712 640 illis
769 574 1021 662 dzjqnam
1079 589 1273 640 vetere
1328 577 1539 662 ylorz‘a
1597 575 2025 661 maiorumque
2069 599 2273 640 monsu-

188 682 414 746 mentis
472 679 923 766 fortitudinem
1006 679 1392 766 inspirarent
1417 680 1488 761 ¹).
1608 679 1777 760 Quae
1851 679 1991 762 ipsa
2061 681 2271 756 verba,

190 806 337 850 cum
403 785 480 851 de
547 784 947 850 invocatione
1008 784 1192 863 Solis„
1255 784 1550 863 Mithrae,
1617 785 1783 867 ignis
1852 785 2111 864 aeterni,
2180 784 2275 848 nil

191 891 318 955 nisi
409 891 485 954 ab
572 889 717 953 aliis
813 908 1056 973 quoque
1151 890 1456 954 traditum
1554 889 1880 972 scripserit
1982 889 2270 971 scriptor,

191 997 419 1062 docere
497 993 656 1057 mihi
732 994 1039 1075 videntur,
1106 993 1397 1059 ‘Curtium
1470 994 1589 1058 hac
1656 994 1723 1057 in
1800 1014 1867 1075 re
1927 993 2276 1058 enarranda

192 1100 442 1183 optimo
491 1100 762 1181 quodam
802 1098 974 1163 fonte
1019 1118 1200 1163 usum
1247 1118 1398 1164 esse.
1492 1098 1759 1164 Accedit
1803 1100 1874 1163 ut
1905 1117 2064 1181 quae
2110 1098 2276 1163 facta

191 1206 343 1270 sunt
413 1202 884 1268 accuratissime
956 1204 1020 1267 et
1086 1202 1539 1270 dilucidissime
1614 1204 2018 1286 exponantur.
2110 1201 2271 1281 Qua-

190 1309 454 1391 propter
515 1326 670 1390 quae
725 1308 1022 1390 leguntur
1067 1308 1189 1372 fide
1238 1307 1431 1391 digna
1478 1308 1683 1372 ducas.
1739 1345 1816 1354 --
1863 1312 1951 1373 Ac
1996 1306 2272 1389 primum

191 1413 453 1496 quidem
558 1409 843 1476 Curtium
932 1411 1224 1475 Mithrem
1305 1411 1685 1476 scribentem
1780 1410 2112 1494 intellegas
2199 1411 2273 1475 de

186 1516 470 1582 Mithrae
536 1516 659 1579 Dei
724 1514 889 1579 Solis
951 1513 1175 1581 Invicti
1238 1517 1662 1580 Romanorum
1724 1515 1894 1580 cultu
1958 1514 2049 1579 nil
2107 1535 2275 1580 com-

189 1621 459 1705 perisse.
531 1619 701 1699 Quae
749 1639 846 1685 res
880 1638 950 1683 ex
987 1639 1060 1685 eo
1096 1639 1338 1705 quoque
1370 1620 1657 1703 apparet,
1708 1620 1867 1702 quod
1914 1620 2093 1684 addit
2136 1639 2275 1685 ver-

189 1727 346 1791 bum
413 1748 682 1805 sacrum,
742 1743 875 1806 ‚quo
942 1724 1131 1790 verbo
1207 1745 1315 1790 seu
1390 1723 1642 1789 nomine
1710 1743 1937 1789 numen
2014 1724 2170 1788 illud
2238 1742 2275 1786 a

188 1829 502 1899 Romanis
534 1828 772 1893 cultum
807 1848 1121 1911 nunquam
1170 1847 1303 1894 esse
1338 1826 1764 1912 significatum
1813 1847 1845 1892 e
1891 1828 2274 1894 testimoniis

189 1935 574 2017 scriptorum
606 1932 789 1997 facile
821 1933 1116 2015 cognosci
1150 1933 1377 2015 potest.
1471 1933 1754 1999 Curtium
1787 1932 2014 1997 Rufum
2060 1934 2270 1998 autem

191 2038 443 2105 Claudii
491 2038 892 2118 imperatoris
922 2037 1312 2120 temporibus
1344 2056 1454 2120 pro
1488 2038 1659 2102 certo
1693 2037 1995 2102 habemus
2027 2037 2271 2102 vixisse.

191 2143 398 2224 Quam
447 2143 527 2207 ob
574 2161 707 2206 rem
755 2143 993 2207 cultum
1046 2142 1174 2206 iam
1229 2141 1340 2206 illo
1400 2143 1684 2225 tempore
1748 2161 1856 2223 per
1899 2143 2106 2207 totum
2151 2141 2277 2207 Ro-

188 2266 526 2314 manorum
613 2247 952 2328 imperium
1038 2249 1455 2339 propagatum
1531 2246 1722 2312 fuisse
1824 2266 1895 2311 ac
1991 2246 2274 2315 floruisse

191 2354 340 2437 quis
388 2354 486 2418 est
534 2352 639 2436 qui
686 2352 918 2418 credat.
969 2389 1046 2398 -ν
1098 2353 1225 2417 Sed
1287 2351 1550 2416 minime
1611 2351 1765 2418 licet
1822 2371 1896 2416 ea
1943 2369 2100 2435 quae
2145 2352 2275 2416 tra-

191 2460 430 2525 duntur
477 2459 555 2523 de
599 2457 933 2523 Persarum
966 2460 1152 2524 ‘cultu
1200 2458 1537 2524 Mithriaco
1586 2460 1664 2523 ad
1710 2460 2026 2524 Romanos
2070 2458 2276 2522 trans-

187 2565 383 2642 ferre‚·
417 2563 614 2628 immo
646 2582 791 2627 vero
825 2562 889 2626 id
920 2583 1110 2628 unum
1145 2584 1177 2628 e
1211 2563 1413 2628 Curtii
1446 2562 1808 2629 testimonio
1859 2564 2103 2627 elucere
2153 2561 2275 2627 dici

189 2667 430 2750 potest,
477 2684 617 2731 cum
663 2663 742 2729 ad
788 2665 1225 2732 fortitudinem
1284 2667 1600 2733 militibus
1647 2668 2080 2750 inspirandam
2129 2667 2277 2731 deus

190 2772 306 2837 ille
355 2772 492 2835 tum
540 2770 740 2836 cultus
786 2773 1199 2852 invocaretur,
1244 2774 1547 2839 Mithram
1578 2774 1910 2838 Persarum
1960 2792 1995 2835 a
2040 2770 2277 2835 Mithra

188 2877 624 2946 Romanorum
669 2876 854 2942 valde
890 2878 1246 2942 abhorrere.
1341 2877 1497 2943 Cum
1544 2877 1711 2941 enim
1760 2877 1839 2940 ad
1887 2894 2100 2941 omnes
2146 2874 2274 2939 fere

189 2979 587 3063 peragendas
648 3000 746 3045 res
807 2980 1106 3045 auxilium
1176 2981 1358 3045 huius
1406 2982 1528 3045 Dei
1575 3001 1610 3045 a
1654 2982 1957 3052 Romanis
2001 2980 2274 3063 petitum

188 3085 295 3162 sit,
360 3085 575 3148 tamen
645 3084 821 3149 nullo
883 3082 1022 3151 loco
1091 3086 1360 3150 traditur
1416 3104 1558 3149 eum
1635 3086 1714 3149 ad
1791 3084 2276 3149 inflammandos

192 3187 479 3253 militum
529 3188 772 3253 animos
819 3206 953 3253 esse
999 3187 1373 3254 invocatum.

369 3375 771 3461 Exponenda
823 3398 1067 3461 quoque
1131 3379 1278 3443 sunt
1339 3398 1494 3462 quae
1552 3378 1853 3461 Papinius
1914 3377 2153 3442 Statius
2209 3378 2275 3441 in

193 3482 518 3547 Thebaide
598 3483 675 3546 de
752 3484 886 3547 Deo
964 3482 1112 3547 Sole
1189 3483 1430 3548 Invicto
1510 3483 1741 3546 narrat
1877 3480 2031 3547 Cum
2110 3482 2274 3546 enim

192 3587 541 3651 Adrastum
585 3586 910 3651 Phoebum
957 3587 1331 3651 adorantem
1377 3583 1563 3671 fingit
1607 3587 1813 3651 verbis
1859 3587 2062 3651 utitur

194 3740 861 3758 ...........
910 3714 1016 3753 seu
1066 3690 1289 3754 Persei
1326 3692 1438 3754 sub
1487 3690 1749 3776 rupibus
1795 3692 1971 3755 antri
1994 3701 1998 3707 ’

372 3793 712 3879 Ιπᾶτζᾳηαία
743 3795 922 3879 sequi
939 3806 1310 3880 torquentem
1351 3817 1588 3859 cornua
1614 3794 1991 3877 Mithram2).
2040 3794 2275 3875 Quibus

194 3916 231 3961 e
272 3897 490 3981 paucis
552 3897 754 3963 multa
812 3897 969 3962 mihi
1031 3897 1369 3962 efficienda
1416 3917 1551 3962 esse
1595 3898 1906 3964 videntur.
1993 3898 2276 3963 Primum

195 4001 447 4084 quidem
521 4002 790 4085 scriptor
866 4001 1169 4067 Mithram
1254 4003 1438 4068 deum
1519 4004 1852 4067 Persarum
1933 4004 2124 4069 fuisse
2214 4004 2278 4067 et

373 4177 412 4246 ¹)
448 4175 533 4231 ed.
570 4178 630 4231 A.
657 4176 896 4231 Hedicke
921 4177 1044 4232 LIX
1073 4178 1276 4229 15—18
1302 4178 1401 4245 (IV
1429 4180 1492 4230 13
1517 4177 1563 4247 ξ.
1596 4178 1696 4245 11).
1733 4178 1975 4231 Berolini
2016 4179 2165 4231 1867.
2201 4180 2275 4231 8⁰.

367 4263 410 4331 ²)
448 4263 531 4356 ed.
569 4261 630 4317 O.
667 4261 861 4317 Muller
896 4265 924 4319 1
960 4263 1027 4314 46
1065 4263 1114 4333 (l
1148 4263 1462 4332 719—720).
1536 4264 1747 4333 Lipsiae
1788 4265 1937 4318 1870.
2008 4265 2083 4317 8⁰.

2349 3384 2400 3439 V.
2448 3384 2496 3437 P.
2533 3384 2761 3454 Papinius

2456 3453 2662 3509 Statius,
