2925 4802
194 2813 250 2867 v1
298 2815 344 2865 1.
371 2813 566 2867 Plutar-

312 2883 448 2937 chus.

1667 234 1736 297 12

657 442 725 505 in
796 441 995 505 antris
1054 440 1288 505 abditis
1358 441 1598 507 cultum
1678 461 1814 506 esse
1887 442 2210 525 cognitum
2277 443 2482 510 habet.
2575 444 2732 508 Tum

659 547 1047 629 investigans
1107 544 1256 627 quid
1316 545 1438 610 sibi
1499 545 1701 610 velint
1756 546 1946 611 verba
1989 546 2320 633 indzjqnata
2364 559 2732 632 torquentem

657 674 890 714 cornua
947 648 1277 732 intelleges
1356 651 1724 732 scriptorem
1817 652 1925 716 aut
1987 651 2177 716 boves
2254 650 2336 714 ad
2398 651 2736 716 Mithriaca

657 756 1018 839 peragenda
1046 756 1354 820 mactatos
1402 774 1540 821 esse
1588 756 1850 831 audisse,
1899 757 2008 820 aut
2048 755 2281 822 vidisse
2328 756 2735 820 simulacrum

660 879 778 942 quo
824 860 995 925 Deus
1041 858 1311 923 Mithras
1370 860 1596 924 bovem
1658 878 1885 924 necans
1931 860 2173 943 fingita.
2264 860 2576 941 Equidem
2622 879 2732 943 pro

660 965 829 1029 certo
916 963 1120 1027 habeo
1207 962 1484 1028 Statium
1567 963 1917 1051 imaginem
1997 965 2118 1028 Dei
2195 964 2449 1030 vidisse.
2568 965 2734 1028 Nam

659 1087 798 1132 cum
852 1067 1100 1150 saepius
1176 1067 1250 1132 ab
1331 1067 1672 1132 artificibus
1748 1067 2047 1151 figuratus
2122 1067 2393 1132 Mithras
2452 1067 2733 1131 Invictus

657 1171 878 1235 bovem
954 1173 1236 1236 mactans
1313 1189 1543 1237 cornua
1616 1170 1751 1235 eius
1839 1172 2151 1253 torqueat,
2239 1171 2382 1254 quin
2463 1169 2734 1252 scriptor

658 1275 1005 1356 spectatam
1054 1294 1185 1338 rem
1250 1276 1466 1339 narret
1529 1274 1786 1339 dubium
1832 1293 1955 1339 non
2003 1275 2116 1340 est.
2209 1272 2537 1353 Quam'ob
2598 1295 2731 1340 rem

660 1378 1080 1460 quaerendum
1137 1380 1251 1456 est,
1297 1379 1506 1442 utrum
1567 1378 1834 1460 scriptor
1887 1378 1990 1441 dei
2048 1376 2217 1442 illius
2282 1377 2481 1442 cultor
2523 1378 2732 1456 fuerit,

659 1501 870 1548 necne.
961 1482 1104 1546 Nisi
1153 1482 1321 1546 enim
1371 1481 1635 1547 fortuito
1668 1484 2028 1547 contextum
2063 1482 2269 1547 ortum
2319 1496 2452 1547 esse
2497 1483 2732 1560 credas,

608 1586 918 1681 ‚Statium
982 1605 1123 1651 cum
1197 1585 1427 1650 referat
1499 1587 1578 1650 de
1653 1585 1818 1650 Osiri
1894 1585 2200 1668 frugifero
2290 1605 2403 1666 pro
2478 1585 2734 1651 Phoebo

659 1691 744 1773 (v,
792 1690 964 1771 718),
1013 1691 1377 1772 cognovisse
1427 1709 1670 1773 quoque
1716 1691 1962 1754 videtur
2025 1689 2352 1754 necatione
2412 1690 2592 1755 bovis
2640 1691 2733 1754 in-

658 1796 874 1872 dicari,
943 1796 1140 1860 solem
1209 1796 1444 1859 fructus
1513 1815 1545 1860 e
1607 1796 1775 1859 terra
1838 1796 2084 1859 elicere.
2177 1796 2515 1867 Attamen,
2548 1796 2732 1860 valde

657 1920 694 1963 a
738 1898 1095 1965 Mithriacis
1138 1898 1394 1963 initiato
1442 1898 1715 1963 alienum
1773 1900 1866 1963 est
1919 1900 2122 1963 relato
2170 1898 2355 1964 modo
2405 1899 2482 1963 de
2529 1900 2732 1964 cultus

656 2003 899 2067 arcanis
944 2002 1147 2084 loqui3
1211 2004 1585 2085 quapropter
1644 2004 1850 2067 statuo
1919 2000 2218 2086 Statium,
2280 2002 2403 2067 etsi
2466 2003 2729 2068 minime

656 2105 1031 2171 Mithriacus
1055 2106 1193 2184 fuit,
1217 2108 1435 2171 tamen
1461 2107 1801 2171 simulacra
1819 2106 1941 2171 Dei
1968 2105 2200 2172 vidisse
2234 2126 2347 2171 nec
2381 2126 2503 2171 non
2539 2107 2733 2172 intel-

656 2211 882 2276 lexisse
946 2211 1184 2275 cultum
1246 2210 1329 2274 in'
1370 2210 1628 2292 rupibus
1694 2212 2123 2293 perpetratum
2195 2229 2333 2276 esse
2402 2229 2439 2273 a
2497 2210 2730 2277 Persis„

658 2314 855 2395 Quam
926 2332 1059 2378 rem
1130 2315 1469 2397 cognitam,
1542 2334 1683 2379 cum
1749 2316 1995 2379 constet
2064 2315 2434 2397 scriptorem
2512 2316 2738 2381 Domi-

656 2420 831 2485 tiano
879 2419 1230 2501 imperante
1276 2419 1523 2498 vixisse,
1580 2420 1655 2484 ad
1716 2419 2238 2503 propagationem
2286 2420 2408 2483 Dei
2458 2419 2624 2485 Solis
2670 2420 2735 2484 in

655 2526 1081 2590 Romanorum
1125 2524 1392 2605 imperio
1450 2525 1652 2590 cultus
1716 2524 1903 2606 plane
1966 2524 2477 2606 investigandam
2545 2526 2746 2606 pretii*

659 2648 886 2693 censeo
933 2647 1055 2692 non
1102 2646 1235 2693 esse
1282 2628 1551 2693 minimi.

827 2802 1313 2885 Progrediamur
1375 2803 1453 2866 ad
1514 2800 1952 2884 gravissimum
2014 2783 2143 2866 fere
2196 2803 2482 2866 veterum
2539 2803 2738 2885 scrip-

656 2908 863 2971 torum
930 2906 1366 2971 testimonium
1436 2906 1514 2969 de
1583 2905 1862 2970 Mithrae
1933 2905 2098 2986 apud
2153 2906 2468 2970 Romanos
2544 2907 2732 2971 cultu.

658 3010 1031 3074 Plutarchus
1117 3009 1285 3073 enim
1351 3008 1614 3090 Pompei
1687 3027 1787 3072 res
1865 3010 2076 3089 gestas
2166 3008 2528 3074 describens
2620 3027 2732 3080 nos

660 3115 959 3180 certiores
1004 3113 1159 3177 facit
1224 3113 1299 3176 de
1355 3112 1768 3177 translatione
1832 3111 2304 3176 Mithriacorum
2373 3113 2434 3176 in
2501 3114 2734 3178 Roma-

613 3240 878 3285 ·norum
953 3219 1310 3302 imperium.
1449 3218 1787 3284 Distinctis
1879 3219 2091 3282 autem
2166 3218 2375 3283 verbis
2452 3218 2733 3284 affirmat

658 3324 1028 3409 peregrinos
1075 3325 1278 3388 cultus
1325 3342 1438 3388 nec
1484 3343 1607 3387 non
1657 3322 1932 3387 Mithrae
1979 3324 2452 3388 venerationem
2499 3325 2735 3389 Roma-

657 3448 769 3495 nos
838 3448 875 3492 a
948 3428 1174 3510 piratis
1253 3427 1570 3492 didicisse.
1663 3426 1866 3490 Addit
1941 3427 2132 3490 etiam
2203 3426 2546 3491 Mithriaca
2619 3446 2734 3492 suo

657 3551 901 3617 quoque
944 3533 1233 3613 tempore
1276 3532 1517 3596 florere.
1609 3532 1775 3595 Nam
1822 3531 1872 3596 si
1907 3531 2098 3595 verba
2142 3532 2329 3613 ξένας
2375 3531 2444 3597 δὲ.
2491 3531 2736 3611 θυσίας

653 3636 871 3718 evum,
914 3634 1002 3704 ὦν
1063 3637 1098 3721 ἦ
1160 3634 1277 3702 τοῦ
1338 3637 1619 3725 ,Μίθρου
1675 3637 1784 3702 καὶ
1837 3636 2026 3725 μέχρι
2084 3639 2279 3725 δεῦρο
2336 3633 2730 3714 διασώζεται

650 3737 1165 3824 ’καταδειχθεῖσα
1211 3737 1530 3830 πρότερον
1579 3739 1681 3806 ὑπ’
1728 3738 1980 3805 ἐκείνων
1996 3739 2045 3819 1)
2090 3737 2508 3822 perspexeriS,
2543 3756 2738 3820 quae-

656 3846 926 3910 stionem
974 3844 1048 3908 de
1097 3844 1341 3926 origine
1385 3842 1861 3908 Mithriacorum
1909 3861 1950 3906 a·
1989 3842 2291 3906 Romanis
2336 3844 2737 3923 peractorum

657 3949 1076 4015 omittendam
1152 3964 1284 4012 esse
1359 3947 1632 4030 putabis.
1758 3946 1846 4010 At
1919 3945 2242 4011 Plutarchi
2326 3946 2739 4027 affirmationi

655 4055 921 4118 minima
993 4052 1327 4117 tribuenda
1394 4051 1647 4116 videtur
1709 4069 1840 4116 esse
1909 4052 2081 4115 fides.
2147 4087 2232 4097 -
2299 4051 2394 4115 Ac
2457 4051 2737 4133 primum

801 4226 836 4294 ¹)
858 4227 1012 4282 Vitae
1030 4225 1320 4296 parallelae
1340 4224 1417 4278 ed.
1439 4223 1678 4278 Sintenis
1699 4225 1782 4278 111
1804 4227 1885 4281 70.
1904 4223 2106 4293 (Pomp.
2128 4222 2233 4291 24).
2255 4223 2469 4293 Lipsiae
2493 4224 2643 4274 1843.
2663 4224 2738 4275 8⁰.
