2925 4802
1172 270 1485 403 4331-

870 958 1208 1061 Scriptor
1265 959 1353 1037 de
1407 958 1567 1037 vita
1621 978 1779 1036 sua.

356 1172 563 1235 Natus
624 1189 764 1233 sum
823 1167 1306 1232 Timotheus
1372 1165 1630 1230 Carolus
1671 1164 1975 1230 Ernestus
2031 1164 2472 1229 Waldemarus

177 1275 429 1340 Fabri
461 1292 622 1338 anno
655 1293 716 1355 p.
752 1271 894 1337 Chr.
927 1292 984 1338 n.
1012 1269 1356 1334 millesimo
1391 1267 1915 1352 octingentesimo
1951 1253 2469 1352 quinquagesimo

181 1378 458 1458 septimo
504 1395 558 1441 a.
603 1375 660 1440 d.
703 1375 809 1442 IX.
841 1374 988 1441 Kal.
1029 1373 1396 1437 Februarias
1440 1373 1797 1438 Bonnlandi
1842 1373 1910 1436 in
1955 1373 2094 1437 vico
2137 1371 2467 1450 Bavariae,

178 1471 362 1563 patre
395 1480 714 1544 Friderico
746 1477 951 1555 Fabri,
999 1478 1199 1541 matre
1228 1477 1580 1554 Henrietta,
1631 1494 1663 1540 e
1710 1477 1898 1559 gente
1942 1475 2197 1541 Brandt.
2288 1475 2471 1540 Fidei

182 1583 474 1648 addictus
535 1601 673 1646 sum
737 1581 1157 1662 evangelicae.
1268 1582 1617 1664 Postquam
1678 1581 1967 1662 parentes
2025 1579 2228 1661 primo
2293 1584 2471 1644 meae

181 1687 414 1751 aetatis
460 1703 623 1749 anno
651 1686 928 1749 Barmen
971 1683 1600 1767 transmigraverunt,
1646 1684 2004 1751 litterarum
2048 1683 2251 1748 initiis
2298 1683 2472 1748 domi

180 1791 483 1867 imbutus,
546 1789 614 1852 in
674 1788 1070 1873 gymnasium
1139 1788 1427 1868 receptus
1497 1805 1654 1851 sum.
1747 1787 1874 1851 Sed
1933 1787 2203 1853 secundo
2265 1787 2470 1852 ordini

179 1893 539 1975 adscriptus
588 1892 912 1973 aegrotare
973 1890 1152 1972 coepi
1201 1909 1273 1954 ac
1319 1910 1432 1973 per
1486 1891 1615 1955 tres
1677 1892 1807 1955 fere
1870 1909 2065 1956 annos
2128 1892 2473 1972 permultas

177 1997 378 2062 totius
410 1994 783 2062 Germaniae
817 1996 881 2060 et
912 1995 1179 2058 aliarum
1208 1994 1520 2058 terrarum
1553 2013 1745 2078 aquas
1777 1993 2055 2059 salubres
2088 1995 2470 2060 valetudinis

177 2100 644 2181 recuperandae
691 2116 877 2162 causa
921 2097 1067 2164 adii.
1160 2097 1323 2161 Tum
1366 2097 1681 2179 privatam
1735 2097 2020 2161 scholam
2067 2098 2471 2164 Silesiensem

175 2202 596 2285 frequentavi.
686 2200 869 2266 Anno
928 2203 1136 2265 autem
1197 2219 1281 2267 m.
1330 2218 1386 2268 o,
1436 2200 1902 2284 septuagesimo
1962 2201 2156 2266 tertio
2208 2205 2472 2268 exeunte

177 2307 637 2384 corroboratus,
726 2305 957 2369 iterum
1033 2303 1239 2368 ordini
1312 2303 1589 2368 secundo
1680 2304 1994 2387 gymnasii
2067 2305 2474 2373 Huxariensis

179 2433 324 2477 sum
388 2412 675 2476 traditus,
769 2409 893 2474 Sed
951 2410 1223 2490 quinque
1285 2408 1603 2473 mensibus
1662 2407 1933 2490 peractis
1987 2410 2181 2491 primi
2235 2411 2484 2477 ordinis

178 2518 388 2582 factus
436 2514 782 2596 discipulus
827 2511 1026 2577 denuo
1075 2512 1295 2577 morbo
1332 2514 1592 2576 affectus
1640 2531 1780 2576 cum
1828 2523 1941 2593 per
1980 2513 2196 2578 decem
2231 2532 2474 2580 menses

179 2622 248 2686 in
318 2618 497 2702 aquis
558 2615 950 2682 Britannicis
1018 2617 1083 2680 et
1157 2615 1547 2681 Germanicis
1618 2632 1818 2680 essem
1876 2619 2183 2696 moratus,
2244 2621 2477 2685 reverti

178 2724 549 2789 Huxariam.
668 2720 851 2785 Anno
920 2718 1230 2800 proximo,
1299 2719 1667 2784 testimonio
1728 2720 2115 2786 maturitatis
2174 2724 2474 2803 munitus,

178 2827 549 2893 Berolinum
581 2842 681 2888 me
715 2822 973 2889 contuli.
1066 2821 1484 2888 Universitati
1517 2823 1939 2889 Friedericiae
1975 2824 2327 2891 Guilelmae
2359 2827 2471 2891 ad-

182 2931 455 3013 scriptus
504 2927 981 3011 archaeologiae
1029 2945 1284 3009 operam
1318 2926 1464 2991 dedi
1497 2945 1554 2994 v,
1590 2926 1650 2992 d.
1683 2927 1846 2992 Treu
1887 2929 2041 2993 duce
2074 2931 2261 3013 atque
2295 2931 2478 2997 scho-

181 3036 279 3099 las
313 3032 527 3097 audivi
559 3052 656 3099 vv.
697 3033 800 3096 dd.
833 3032 1116 3109 Hfibner‚
1149 3030 1497 3109 Kirchhoff‚
1535 3030 1797 3110 Vahlen,
1836 3031 2059 3098 Zeller.
2121 3033 2277 3098 Inde
2306 3036 2478 3099 Bon-

112 3155 123 3160 ·
183 3157 336 3202 nam
369 3156 471 3201 me
493 3135 793 3201 converti.
841 3134 1125 3199 Primum
1155 3136 1565 3216 praeceptore
1594 3152 1743 3198 usus
1773 3153 1830 3198 v.
1866 3134 1923 3201 d.
1957 3135 2126 3201 Justi
2150 3137 2217 3200 in
2241 3139 2475 3203 artium

182 3239 521 3307 historiam
556 3239 942 3316 incumbenS,
976 3238 1109 3301 tum
1146 3236 1461 3301 historicis
1501 3238 1687 3321 atque
1718 3239 2208 3321 archaeologicis
2254 3242 2477 3309 studiis

185 3344 438 3409 deditus
486 3360 600 3425 per
632 3341 1068 3425 duodeviginti
1114 3359 1356 3405 menses
1404 3339 1501 3403 ibi
1548 3341 1968 3404 commoratus
2016 3358 2170 3409 sum.
2242 3344 2475 3410 Exorto
2563 3341 2568 3347 ’

184 3449 402 3512 autem
448 3444 613 3510 bello
676 3444 840 3510 inter
882 3446 1117 3509 Russos
1176 3445 1240 3508 et
1285 3444 1540 3520 Turcas‚
1596 3444 1668 3507 ut
1713 3443 1970 3527 negotia
2015 3464 2051 3508 a
2093 3447 2271 3527 patre
2318 3448 2477 3513 mihi

124 3589 139 3596 -
183 3551 475 3616 iniuncta
503 3548 893 3631 perficerem,
938 3547 1004 3610 in
1034 3545 1327 3613 Turciam
1373 3546 1688 3629 profectus
1734 3566 1890 3611 sum.
1983 3546 2120 3626 Quo
2150 3548 2218 3613 in
2246 3550 2479 3617 itinere

187 3656 607 3731 Athenarum,
653 3652 980 3734 Neapolis,
1016 3653 1276 3729 Romae,
1324 3650 1591 3715 aliarum
1640 3651 1888 3715 urbium
1920 3670 2135 3717 musea
2179 3657 2475 3735 spectavi.
2515 3709 2520 3713 ,

183 3760 478 3825 Bonnam
524 3773 813 3820 reversus
846 3755 1055 3820 studia
1078 3754 1323 3822 iteravi.
1417 3755 1676 3821 Scholas
1724 3758 1934 3821 autem
1981 3757 2192 3821 audivi
2229 3777 2324 3823 vv.
2374 3759 2476 3825 dd.

189 3860 511 3937 Schaefer,
558 3859 789 3937 Ritter,
845 3858 1387 3936 Maurenbrecher,
1451 3860 1720 3938 Menzel,
1770 3860 2154 3941 Lamprecht
2218 3860 2479 3927 histori-

156 3984 429 4042 corum,
497 3963 736 4028 Usener
792 3962 1126 4045 philologi,
1185 3962 1399 4040 Meier,
1447 3962 1983 4041 Schaarschmidt,
2030 3964 2226 4029 Witte
2272 3965 2478 4046 philo-

190 4068 550 4150 sophorum.
640 4068 762 4131 Per
793 4067 1089 4150 quattuor
1119 4084 1312 4130 annos
1343 4066 1579 4131 sodalis
1610 4066 1698 4130 fui
1731 4066 2072 4145 seminarii,
2109 4068 2276 4151 quod
2324 4069 2477 4135 duce

192 4170 536 4237 Schaefero
584 4189 642 4235 v,
703 4168 759 4236 d.
808 4169 1012 4236 floret.
1101 4168 1648 4233 Exercitationum
1692 4169 2176 4255 uniuscuiusque
2208 4171 2478 4236 aliorum

191 4274 644 4338 historicorum
703 4292 819 4356 per
876 4273 1209 4338 nonnullos
1277 4288 1472 4336 annos
1539 4272 1778 4354 socium
1836 4292 1937 4337 me
1998 4274 2276 4356 praebui.
2367 4276 2477 4341 Bis
