2925 4802
1080 264 1396 361 405³-

187 473 441 539 ratione
475 492 580 539 eos
611 471 774 537 falso
806 491 994 555 agere
1041 472 1217 555 puto,
1265 473 1370 555 qui
1415 470 1537 537 hac
1569 465 1637 535 in
1666 468 1732 536 re
1762 469 2280 553 inscriptionibus

102 562 119 621 κ’
187 577 382 661 plane
433 576 710 660 cognita,
773 576 1051 640 nummis
1119 576 1438 642 nonnullis
1504 575 1779 641 testibus
1836 575 1954 654 usi,
2011 575 2088 639 de
2135 593 2280 656 pro-

108 682 119 745 ἶ
188 680 538 765 pagatione
587 682 696 745 aut
727 679 973 763 origine
1012 680 1196 761 plura
1224 699 1335 763 pro
1369 681 1541 746 certo
1583 678 1787 745 dicere
1818 696 2002 762 posse
2033 680 2275 762 putent.

368 868 607 969 Quibus
692 889 967 972 cognitis
1052 887 1600 980 interpretandum
1678 891 1775 954 est
1849 887 2275 971 fragmentum
2407 895 2458 949 L.
2498 913 2527 965 p
2585 896 2706 950 0111.

187 993 610 1060 Mithriacum
679 994 844 1076 quod
905 992 1114 1057 multa
1177 983 1382 1058 adhuc
1444 991 1771 1075 incognita
1826 993 2025 1058 offert.
2104 991 2275 1056 Deus
2531 978 2534 981 ’

102 1100 115 1109 ’
192 1099 368 1163 enim
417 1117 451 1162 e
499 1114 646 1162 saxo
707 1099 881 1163 ortus
947 1098 1168 1163 dextra
1212 1116 1419 1175 uvam,
1479 1095 1735 1161 sinistra
1781 1097 2030 1177 petram
2074 1096 2278 1160 tenet.

188 1199 563 1266 venationis
610 1203 825 1266 autern
874 1200 1058 1285 signa
1097 1204 1242 1268 ante
1273 1200 1542 1284 figuram
1575 1200 1804 1266 iacent.
1878 1200 2038 1266 Cum
2065 1200 2275 1265 autem

104 1302 115 1311 '
190 1307 259 1369 et
325 1304 663 1387 inscriptio
728 1302 938 1388 operis
1014 1324 1169 1389 quae
1242 1306 1339 1370 est
1401 1305 1479 1368 L.
1547 1303 2103 1390 FLRHermadz‘on
2172 1305 2280 1367 hoc

186 1409 351 1473 mihi
448 1407 645 1472 libens
735 1407 877 1474 don.
961 1408 1130 1474 dedit
1214 1409 1301 1474 sit
1375 1407 1720 1489 suspiciosa
1809 1409 1874 1471 et
1956 1407 2279 1472 rarissime

194 1514 407 1578 Deum
478 1530 620 1576 cum
668 1512 989 1578 attributis
1050 1512 1370 1578 venatoris
1426 1512 1644 1577 fictum
1690 1511 1990 1592 reperias,
2061 1511 2137 1577 de
2183 1513 2281 1577 in-

190 1616 490 1700 corrupta
535 1616 908 1699 integritate
950 1618 1168 1701 potest
1213 1612 1536 1684 dubitari·
1604 1616 1903 1696 Accedit,
1946 1612 2034 1681 ¹ut
2094 1615 2277 1682 faciei

189 1721 402 1787 forma
460 1719 727 1784 minime
781 1721 1050 1787 aliorum
1110 1721 1589 1786 simulacrorum
1654 1721 1739 1785 sit
1783 1720 2029 1788 similis,
2110 1722 2277 1785 Sane

184 1824 393 1908 igitur
460 1843 712 1889 summa
784 1844 927 1889 cum
1002 1825 1236 1890 iniuria
1288 1824 1410 1890 hac
1470 1824 1751 1909 imagine
1808 1822 1974 1891 teste
2041 1825 2278 1909 cogites

186 1928 506 1995 Mithram
562 1928 939 2019 ‘venationis
1018 1948 1263 2013 quoque
1341 1930 1527 1994 deum
1603 1930 1812 1997 fuisse.
1915 1930 2275 1996 Artificium

112 2078 119 2087 -
194 2019 414 2099 autem
463 2033 620 2099 artis
666 2033 868 2099 bonae
916 2053 1052 2099 esse
1100 2032 1568 2113 documentum,
1616 2033 1835 2117 negari
1881 2033 2118 2118 nequit.

309 2250 319 2258 '
365 2244 440 2307 In
501 2242 734 2325 pagina
807 2242 1152 2308 centesima
1216 2243 1435 2326 quarta
1497 2244 1643 2307 sunt
1689 2242 1860 2307 varia
1919 2241 2271 2310 simulacra.
2346 2245 2755 2317 L.p.c1v1-8a.

102 2334 119 2367 '¹
185 2348 298 2413 Bis
376 2348 562 2414 deum
639 2345 891 2425 nudum,
968 2364 1046 2411 ne
1123 2346 1285 2411 tiara
1352 2343 1608 2430 quidem
1678 2346 1966 2412 ornatum
2009 2367 2067 2420 ,e
2124 2362 2270 2413 saxo

187 2453 501 2517 orientem
546 2450 743 2517 vides.
802 2449 950 2516 Alio
996 2451 1138 2517 loco
1169 2450 1476 2517 mactatio
1510 2452 1739 2530 exstat,
1781 2453 1879 2516 cui
1912 2449 2271 2534 suppositae

183 2558 335 2622 sunt
392 2554 701 2639 imagines
772 2564 898 2620 tres
960 2555 1040 2620 ad
1100 2554 1529 2638 cognitionem
1586 2556 1789 2621 cultus
1833 2556 2016 2622 valde
2063 2558 2268 2638 aptae.

106 2645 119 2718 Ϊ
180 2662 279 2726 Eo
325 2658 749 2724 miserabilior
795 2658 964 2722 mala
1011 2658 1266 2724 artificii
1316 2662 1415 2724 est
1459 2660 1872 2728 conservatio,
1926 2660 2168 2725 -Prima
2208 2661 2273 2726 et

180 2764 380 2829 tertia
427 2781 640 2827 earum
689 2762 1040 2845 imaginum
1089 2762 1224 2829 sine
1272 2763 1460 2829 dubio
1507 2764 1588 2828 ad
1634 2763 2094 2829 initiandorum
2122 2783 2270 2846 pro-

104 2857 111 2864 ’
179 2867 474 2933 bationes
511 2866 877 2948 pertinent.
956 2867 1339 2932 Accuratius‘
1376 2868 1638 2934 definire
1688 2868 1836 2951 quid
1884 2867 2003 2933 sibi
2051 2868 2268 2947 velint,

112 2969 119 2978 '
181 2971 356 3036 haud
389 2971 520 3036 scio
555 2990 634 3034 an
665 2988 982 3053 nunquam
1018 2970 1362 3054 contingat.
1441 2973 1537 3037 De
1568 2972 1798 3037 tertiae
1835 2973 2072 3039 duobus
2117 2970 2268 3035 viris

180 3076 267 3141 ad
298 3092 586 3139 mensam
621 3074 985 3140 sedentibus
1027 3073 1155 3138 iam
1200 3092 1389 3157 supra
1421 3075 1716 3142 diximus,
1787 3075 1994 3143 Simili
2026 3076 2267 3140 ratione

110 3167 119 3178 ¹
176 3179 528 3262 lugendum
575 3180 689 3256 est,
738 3179 901 3262 quod
949 3179 1276 3261 nequimus
1323 3178 1719 3262 intellegere,
1768 3198 1925 3261 quae
1972 3179 2099 3244 sint
2143 3198 2264 3258 res,

177 3291 335 3367 quas
382 3282 509 3347 alia
550 3280 886 3347 simulacra
934 3282 1053 3348 Dei
1108 3283 1226 3347 duo
1274 3282 1567 3348 manibus
1622 3283 1861 3349 tenent.
1931 3283 2267 3366 Equidem,

110 3383 119 3394 “
177 3405 264 3451 ne
311 3404 474 3449 vana
518 3385 763 3451 ratione
824 3384 1133 3451 coniciam
1188 3405 1395 3452 caveo.
1483 3388 1752 3452 Restant
1796 3405 2045 3452 ararum
2094 3371 2268 3471 frag-¹

175 3491 400 3556 menta
446 3488 581 3555 sine
629 3490 831 3573 signis
877 3490 957 3555 ad
1003 3492 1239 3557 cultum
1288 3492 1728 3573 explicandum
1776 3490 2035 3558 idoneis·

370 3717 509 3779 Iam
556 3697 911 3796 postremae
956 3716 1104 3781 libri
1150 3718 1348 3783 nostri
1398 3717 1474 3781 de
1535 3717 1707 3782 cultu
1759 3716 2070 3799 imagines
2122 3716 2269 3782 sunt
2337 3722 2386 3775 L.
2404 3740 2451 3792 p.
2472 3723 2543 3778 cv
2570 3726 2745 3778 1—82.

114 3875 119 3888 .
170 3820 707 3902 interpretandae.
782 3820 893 3886 Nil
952 3822 1164 3885 autem
1223 3819 1466 3886 invenis
1528 3820 1694 3886 inter
1757 3839 1861 3886 eas
1924 3821 2050 3885 nisi
2110 3821 2264 3885 duas

114 3911 119 3920 ¹
168 3927 427 3991 leonum
474 3927 713 3990 statuas
760 3926 824 3989 et
871 3943 1028 4003 aras,
1077 3943 1341 4007 quarum
1386 3924 1700 4006 plurimae
1747 3910 2263 4006 inscriptionibus

122 4063 129 4068 ·
173 4052 205 4096 e
257 4029 484 4111 quibus
530 4028 623 4092 nil
669 4030 947 4111 apparet,
993 4028 1219 4107 ferunt,
1266 4047 1391 4092 una
1416 4029 1637 4113 ‘figura
1679 4029 1800 4094 Dei
1859 4029 2084 4094 bovem
2132 4031 2262 4094 tra-

169 4131 385 4197 hentis
435 4134 530 4197 est
576 4134 811 4199 ornata.
890 4131 1121 4197 Omnia
1164 4133 1601 4215 praecedentis
1648 4135 1713 4197 et
1757 4132 1939 4198 huius
1986 4134 2257 4217 paginae

168 4236 508 4302 simulacra
552 4235 618 4299 in
664 4254 783 4300 uno
832 4236 1140 4301 Mithraco
1190 4237 1337 4301 sunt
1381 4238 1650 4319 reperta.
1860 4254 1864 4257 ’
