2925 4802
1730 322 1812 387 36

738 535 883 598 sunt
928 553 1086 617 quae
1129 533 1447 615 Eunapius
1494 532 1711 597 tradit.
1781 529 1916 610 Quo
1964 530 2134 594 facto
2181 549 2295 613 pro
2343 524 2518 594 c'erto
2565 527 2805 606 habeas,

739 639 891 720 quin
934 638 1222 702 Julianus
1268 637 1616 719 imperator
1657 637 1729 700 ut
1775 635 2064 700 omnibus
2117 653 2510 717 paganorum
2580 633 2681 698 dis
2736 634 2811 697 ita

737 740 1011 805 Mithrae
1057 741 1248 806 fuerit
1292 739 1598 819 addictuS,
1646 738 1922 804 dubitari
1968 756 2092 802 non
2124 757 2325 820 posse.
2404 737 2659 801 Tamen
2691 755 2813 801 eum

737 845 1168 911 et‘Mithriaca
1196 847 1334 910 tum
1366 844 1642 927 primum
1672 844 1995 926 peregisse
2029 845 2092 909 et
2114 841 2477 908 Mithria‘cis
2501 842 2816 907 initiatum

734 949 928 1015 fuisse
955 949 1259 1015 credibile
1289 952 1558 1027 tantum,
1592 968 1716 1012 non
1746 951 1985 1013 certum
2034 967 2171 1013 esse
2217 950 2425 1013 statuo
2459 947 2565 1011 his
2599 947 2816 1012 verbis,

254 1099 706 1179 XXllsssregoriua
910 1089 1099 1172 Apud
1147 1088 1516 1171 Gregorium
1549 1088 2020 1154 Nazianzenum
2067 1087 2142 1151 de
2177 1085 2298 1150 Dei
2346 1085 2516 1150 Solis
2547 1084 2818 1150 Mithrae

288 1168 634 1225 Nazmnzenus.
738 1191 908 1256 cultu
964 1192 1230 1276 legimus
1271 1194 1464 1258 verba
1501 1191 1659 1257 haec
1716 1194 1870 1260 οὐδὲ
1923 1192 2204 1282 Μίθρου
2248 1191 2517 1270 κόλασις
2562 1188 2820 1269 ἔνδικος,

735 1300 898 1363 κατα
944 1305 1069 1363 τῶν
1094 1304 1419 1382 μυεῖσθαι
1469 1299 1550 1363 τοὶ
1590 1301 1864 1363 τοιαῦτα
1902 1296 2302 1380 ἀνεχομένων
2350 1294 2435 1376 1).
2505 1294 2559 1358 Ε
2616 1295 2820 1377 quibus

738 1400 954 1481 paucis
1029 1400 1318 1484 graviora
1395 1402 1704 1483 quaedam
1774 1419 1907 1465 esse
1987 1399 2422 1484 cognoscenda
2495 1417 2816 1482 exponam.

736 1504 1022 1568 Vidimus
1069 1505 1239 1569 enim
1287 1504 1680 1587 scriptorem,
1731 1523 1870 1568 cum
1913 1503 2100 1568 verbo
2145 1500 2545 1587 ἀνεχομένων
2602 1504 2817 1578 utatur,

736 1627 847 1690 pro
909 1609 1078 1673 certo
1142 1607 1435 1673 habuisse
1505 1608 1888 1673 initiationis
1935 1626 2169 1691 11001133
2228 1605 2358 1672 sive
2423 1606 2819 1688 probationes

736 1731 862 1777 11011
932 1731 1147 1777 omnes
1218 1712 1589 1777 sustinuisse
1661 1713 1865 1777 cultus
1945 1711 2233 1777 cultores.
2348 1710 2513 1775 Tum
2593 1711 2817 1775 indicat

716 1816 1076 1900 Gregorius
1109 1835 1345 1900 poenas
1376 1817 1524 1881 illas
1572 1817 1693 1881 etsi
1726 1817 2127 1900 gravissimas
2172 1815 2369 1880 iustas
2418 1814 2650 1896 fuisse,
2717 1834 2816 1898 qua

736 1941 800 1986 re
862 1921 1236 2004 intellegere
1295 1939 1626 2003 possumus
1690 1920 1903 1986 odium
1971 1919 2300 1984 christiani
2362 1919 2706 2000 scriptoris
2764 1920 2816 1981 in

734 2026 1211 2092 venerationem
1270 2025 1447 2090 illam
1516 2024 1707 2090 fuisse
1766 2024 2110 2089 maximum
2182 2025 2369 2105 atque
2434 2023 2815 2119 acerrimum.

248 2165 662 2247 X1{123Greg0rius
910 2163 1056 2230 Alio
1104 2165 1244 2230 loco
1302 2164 1658 2229 orationum
1691 2164 1950 2246 Gegorii
1994 2162 2391 2246 reperiuntur
2438 2161 2639 2225 verba
2686 2163 2817 2226 haec

284 2236 631 2292 Ramnzenu'q'
731 2268 975 2334 εἵλκετο
1022 2270 1132 2336 δια
1164 2270 1516 2349 πλατειῶν,
1567 2270 1814 2335 ὠθεῖτο
1844 2256 2373 2352 καθ”ὐπονόμωκ
2423 2271 2556 2332 τῶν
2599 2274 2820 2355 τριχῶν

729 2371 1004 2451 εἵλκετο,
1065 2374 1185 2439 οὐκ
1238 2369 1410 2441 ἔστιν
1470 2373 1627 2440 ὅτου
1692 2372 1787 2460 μῆ
1842 2373 2083 2463 μέρους
2146 2376 2267 2438 τοῦ
2313 2366 2632 2454 σώματος
2689 2393 2818 2455 μιγ-

730 2478 997 2564 νυμένης
1041 2488 1119 2567 τῇ
1164 2476 1344 2565 αἰκίᾳ
1401 2486 1522 2565 τῆς
1565 2474 1836 2567 ὕβρεως,
1895 2475 2079 2566 παρα
2134 2484 2262 2541 τῶν
2309 2471 2520 2556 ἀξίως
2582 2472 2653 2538 ἐν
2701 2475 2818 2540 Mi-

726 2589 901 2671 θρου
959 2588 1175 2649 ταῦτα
1248 2581 1693 2665 κολαζομένων
1740 2580 1825 2662 ²).
1937 2579 2289 2658 Pessimam
2349 2577 2426 2641 (10
2490 2577 2619 2641 Dei
2669 2576 2816 2644 Solis

727 2683 1000 2749 Mithrae
1032 2685 1203 2750 cultu
1243 2685 1623 2767 scriptorem
1655 2687 1934 2750 nostrum
1962 2684 2210 2749 duxisse
2236 2681 2648 2760 sententiam,
2674 2681 2815 2745 haec

730 2806 974 2872 quoque
1006 2789 1207 2868 'verba
1242 2789 1607 2855 ostendunt.
1702 2788 2174 2854 Commemorat
2212 2786 2401 2864 enim,
2452 2804 2597 2849 cum
2646 2784 2819 2849 inhu-

727 2910 981 2955 manam
1026 2911 1099 2956 ac
1144 2891 1492 2957 nefandam
1540 2894 1706 2959 senis
1753 2892 2076 2957 cuiusdam
2133 2889 2466 2955 christiani
2515 2888 2819 2953 dilacera-

731 2996 979 3062 tionem
1026 3015 1063 3061 a
1110 2997 1374 3080 paganis
1435 2999 1868 3080 perpetratam
1922 2998 2151 3075 narret,
2212 2996 2482 3060 cultores
2547 2993 2816 3059 Mithrae

727 3100 963 3165 similia
1012 3102 1330 3185 peregisse
1364 3104 1553 3185 atque
1598 3101 1787 3166 iuste
1814 3102 1872 3166 ei
1918 3100 2263 3166 initiandos
2311 3119 2384 3164 ea
2430 3117 2569 3164 0330
2610 3117 2815 3181 passos

728 3206 1020 3271 affirmat.
1112 3205 1319 3286 Quam
1367 3208 1446 3272 ob
1490 3226 1627 3271 rem
1673 3205 1833 3270 mihi
1882 3205 2134 3288 quidem
2179 3203 2429 3270 videtur
2477 3202 2815 3286 Gregorius

728 3328 851 3389 eos,
888 3311 993 3393 qui
1016 3310 1323 3376 Mithram
1360 3310 1688 3389 coluerint,
1717 3308 1824 3393 ’1110
1848 3309 2110 3392 paganis
2142 3307 2433 3373 omnibus
2466 3308 2812 3372 nominare.

726 3416 1057 3480 Immerito
1105 3417 1315 3480 autem
1361 3414 1739 3497 scriptorem
1772 3414 1981 3479 dicere
2028 3433 2092 3478 re
2136 3431 2286 3477 vera
2318 3412 2472 3477 solis
2519 3411 2646 3476 Dei
2694 3411 2813 3475 cul-

725 3520 894 3583 tores
951 3519 1029 3586 iis
1075 3502 1282 3598 malie,
1332 3536 1595 3602 quorum
1641 3519 1879 3584 mentio
1927 3518 2017 3596 fit,
2067 3535 2202 3582 esse
2249 3517 2510 3581 affectos
2560 3516 2806 3581 iudices.

724 3621 1082 3687 Verisimile
1139 3624 1308 3688 enim
1367 3625 1464 3688 est
1510 3623 1917 3706 Gregorium,
1981 3642 2125 3688 cum
2154 3680 2161 3687 .
2194 3622 2272 3687 de
2337 3622 2807 3704 probationibus

725 3724 1054 3806 audiverit,
1103 3728 1567 3814 nefandas—nec
1612 3746 1737 3792 non
1784 3727 2068 3793 crudeles
2114 3745 2249 3792 esse
2297 3744 2435 3805 033,
2499 3745 2638 3791 0330
2685 3743 2807 3791 sus-

632 3854 639 3860 ·
725 3831 1022 3912 picatum.

868 4057 907 4127 ¹)
943 4058 1024 4111 ed.
1063 4058 1112 4111 J.
1146 4058 1204 4112 P.
1241 4058 1441 4126 Migne,
1478 4057 1619 4112 Patr.
1660 4073 1799 4111 curs.
1839 4071 1936 4110 ser.
1978 4070 2148 4121 graec.
2184 4058 2325 4125 post.
2363 4054 2595 4109 XXXVI
2630 4054 2733 4106 340
2761 4049 2798 4103 B

725 4145 930 4196 12-13
945 4145 1086 4212 (680)
1106 4144 1261 4212 Greg.
1275 4161 1395 4214 opp.
1418 4145 1488 4197 ΙΙ.
1507 4160 1583 4198 01.
1601 4144 1840 4199 XXXIX.
1863 4144 1929 4196 111
1948 4145 2134 4197 3311013
2150 4143 2281 4196 13111.
2300 4145 2349 4195 5.
2369 4142 2520 4197 Paris
2542 4143 2695 4194 1858.
2716 4137 2797 4206 8⁰.)

864 4231 905 4298 ²)
941 4230 979 4284 l.
1015 4245 1060 4284 c.
1084 4230 1280 4285 XXXV
1306 4231 1410 4283 620
1447 4234 1495 4282 A
1519 4231 1725 4281 88-89
1766 4231 1908 4297 (123)
1947 4229 2103 4297 Greg.
2154 4245 2277 4299 opp.
2305 4229 2349 4282 1.
2389 4245 2464 4282 or.
2493 4227 2572 4283 IV
2608 4227 2798 4283 Contra

726 4316 1010 4372 Julianum
1046 4317 1075 4369 I
1123 4318 1206 4372 89.
1243 4316 1460 4371 Parisiis
1500 4317 1651 4370 1857.
1689 4317 1763 4369 8⁰.
