2925 4802
1663 268 1740 330 14

661 471 822 537 Mihi
888 472 1137 555 quidem
1184 471 1430 538 videtur
1476 491 1610 537 rem
1671 474 1764 538 ita
1812 472 1942 539 fere
2003 494 2071 540 se
2118 474 2430 541 habuisse.
2529 475 2766 559 Scrip-

658 578 764 641 tor
807 594 918 659 pro
967 579 1136 643 certo
1191 576 1415 642 habuit
1462 578 1701 642 cultum
1748 577 2022 643 Mithrae
2071 580 2134 643 et
2193 598 2267 643 ex
2320 578 2511 643 Asiae
2584 580 2769 645 occi-

662 680 927 744 dentalis
1009 680 1297 764 partibus
1382 682 1805 746 transvectum
1904 701 2037 748 esse
2116 686 2182 749 et
2266 685 2540 766 primum
2635 685 2765 750 illo

658 786 965 868 tempore,
1012 804 1132 868 quo
1194 784 1534 868 Pompeius
1582 786 1816 868 piratas
1879 786 2134 866 vicerat,
2209 788 2395 852 deum
2465 788 2652 852 illum
2725 807 2767 852 a

659 889 959 955 Romanis
1024 890 1261 953 cultum
1331 907 1482 954 esse.
1589 889 1824 968 Quibus
1890 891 2164 974 cognitis
2232 910 2357 956 non
2420 890 2767 956 abhorruit

661 995 738 1059 ab
816 993 1238 1059 affirmatione
1303 993 1414 1057 illa
1482 994 1602 1058 Dei
1673 995 1838 1060 Solis
1895 996 2366 1061 venerationem
2432 996 2764 1060 Romanos

661 1116 699 1160 a
754 1096 1175 1180 praedonibus
1261 1098 1601 1163 maritimis
1683 1099 2003 1164 didicisse.
2068 1138 2146 1148 --
2210 1101 2344 1165 Nos
2414 1099 2620 1182 igitur
2687 1099 2766 1164 id

659 1221 850 1266 unum
908 1201 1122 1266 docuit
1153 1201 1521 1267 Plutarchus
1563 1201 1835 1268 Mithrae
1882 1203 2121 1267 cultum
2169 1203 2447 1286 primum
2480 1202 2765 1286 Pompei

659 1305 1054 1388 temporibus
1093 1306 1361 1370 Romam
1395 1324 1534 1369 esse
1564 1308 1960 1373 translatum.
2014 1345 2092 1353 -—
2143 1308 2436 1390 Denique
2483 1308 2761 1372 verbum

663 1409 1052 1490 διασώζεται
1153 1410 1593 1492 explicandum
1700 1413 1812 1475 est.
1946 1411 2104 1475 Eam
2192 1409 2759 1494 significationem,

662 1511 785 1577 nisi
833 1513 948 1576 illa
992 1513 1199 1577 aetate
1232 1510 1439 1577 cultus
1471 1513 1588 1577 Dei
1626 1514 1791 1578 Solis
1826 1532 1863 1577 a
1894 1514 2195 1579 Romanis
2229 1513 2453 1579 fuisset
2496 1514 2760 1593 vetitus,

662 1616 931 1699 scriptor
993 1636 1119 1681 non
1178 1617 1569 1681 adhibuisset
1637 1636 1835 1701 neque
1897 1619 2080 1700 ξένας
2140 1618 2388 1698 θυσίας
2434 1618 2759 1706 dixisset,

574 1708 581 1724 ¹
662 1721 715 1784 si
800 1720 1253 1785 accuratiorem
1332 1721 1465 1785 eius
1530 1720 1859 1787 habuisset
1933 1722 2387 1806 cognitionem.
2479 1719 2622 1799 Qua
2688 1741 2762 1786 re

198 2344 256 2400 vl
310 2348 357 2397 2.
387 2345 578 2400 Plutar-

319 2417 460 2469 chus.

202 3388 261 3444 v1
314 3389 362 3443 3.
389 3387 580 3441 Plutar-

327 3458 466 3511 chuS.

663 1825 993 1906 probabile
1050 1828 1147 1889 est
1210 1825 1585 1906 scriptorem
1639 1826 2066 1891 venerationis
2110 1826 2386 1891 Mithrae
2436 1824 2759 1905 originem

664 1930 831 2011 apud
885 1931 1202 1995 Romanos
1264 1947 1386 1994 non
1445 1931 1603 1994 satis
1660 1929 1954 1995 habuisse
2015 1933 2421 2013 compertam.
2473 1967 2555 1976 --
2602 1927 2760 1991 Plu-

662 2034 949 2099 tarchum
1017 2034 1214 2115 igitur
1277 2032 1396 2097 hac
1464 2034 1540 2098 de
1607 2054 1674 2098 re
1736 2053 1933 2117 neque
2000 2036 2175 2099 recte
2244 2050 2446 2115 neque
2513 2031 2749 2095 inutile

667 2137 1033 2203 disseruisse
1079 2138 1343 2203 constat.
1450 2188 1455 2191 -

837 2328 1089 2395 Nullius
1150 2328 1279 2394 fere
1344 2327 1536 2411 pretii
1599 2328 1744 2391 sunt
1810 2327 1934 2392 alia
1996 2327 2303 2411 quaedam
2366 2327 2445 2391 de
2510 2326 2761 2391 Mithra

667 2454 703 2499 a
732 2433 942 2498 Persis
988 2432 1156 2498 culto
1188 2434 1376 2498 verba
1406 2433 1749 2498 Plutarchi.
1811 2433 2097 2514 Scriptor
2128 2432 2298 2495 enim
2335 2432 2760 2497 Artaxerxem

667 2538 897 2603 donum
958 2538 1379 2619 accipientem
1438 2539 1542 2624 Νὴ
1599 2539 1711 2605 τὸν
1769 2538 2050 2626 Μίθραν
2072 2536 2123 2618 ¹)
2189 2536 2509 2600 dicentem
2572 2535 2754 2602 facit.

667 2641 865 2720 Quam
902 2641 979 2706 ob
1011 2660 1166 2720 rem,
1208 2659 1347 2704 cum
1379 2639 1751 2705 Plutarchus
1782 2639 1898 2704 hac
1929 2640 1995 2702 in
2027 2659 2094 2703 re
2126 2638 2476 2703 enarranda
2506 2640 2758 2721 optimo

666 2747 838 2809 fonte
896 2745 1032 2808 siue
1092 2743 1278 2810 dubio
1339 2762 1489 2808 usus
1553 2744 1653 2821 sit,
1703 2745 1925 2808 Persas
1984 2763 2098 2826 per
2143 2743 2445 2807 Mithram
2511 2743 2756 2809 iurasse

662 2849 763 2912 his
812 2866 1052 2931 quoque
1096 2846 1304 2911 verbis
1348 2848 1634 2929 apparet.
1714 2845 1886 2926 Quae
1934 2849 2273 2930 sequuntur
2318 2848 2510 2912 verba
2558 2846 2760 2928 οὗτος

665 2956 702 3032 ὁ
748 2955 909 3040 ἀνήρ
951 2954 1057 3018 καὶ
1104 2953 1295 3018 πόλιν
1352 2955 1431 3018 ἂν
1483 2950 1554 3017 ἐκ
1597 2951 1837 3042 μικρᾶς
1890 2955 2057 3037 ‘luxti
2114 2950 2422 3038 ποιήσειε
2467 2952 2760 3038 μεγάλην

665 3056 1054 3133 πιστευθείς
1094 3055 1325 3119 docent
1369 3055 1800 3120 iusiurandum
1846 3056 1951 3120 hic
1998 3076 2121 3134 non
2169 3056 2385 3139 magni
2433 3074 2571 3120 esse
2616 3074 2761 3120 mo-

668 3159 866 3224 menti
928 3159 1039 3225 sed
1086 3158 1280 3223 iocosi
1329 3159 1506 3241 quasi
1553 3158 1727 3224 verbi
1773 3157 1918 3223 loco
1966 3178 2104 3224 esse
2152 3157 2526 3223 adhibitum.

838 3368 1031 3433 Porro
1080 3366 1246 3449 apud
1277 3364 1683 3430 Plutarchum
1717 3365 1794 3429 de
1827 3364 1973 3430 Sole
2005 3365 2248 3431 Invicto
2288 3365 2528 3447 reperis
2560 3364 2759 3429 verba

666 3471 811 3538 εἰπέ
868 3497 981 3555 μοι
1045 3470 1396 3555 σεβόμενος
1455 3470 1741 3558 Μίθρου
1796 3496 1867 3537 τε
1934 3479 2081 3558 φῶς
2134 3470 2301 3557 μέγα
2363 3471 2497 3536 καὶ·
2532 3471 2759 3549 δεξιόν

665 3574 1079 3659 βασι’λειυν.2)
1169 3571 1409 3650 Quibus
1472 3572 1743 3654 scriptor
1802 3571 2032 3636 iterum
2094 3571 2295 3637 tradit
2347 3573 2570 3650 Persas
2637 3591 2758 3653 per

668 3678 872 3741 Deum
940 3675 1156 3742 Solem
1224 3676 1536 3740 Invictum
1613 3676 2010 3740 iuraiuranda
2083 3680 2500 3760 perpetrasse.
2593 3674 2754 3740 Cum

669 3784 876 3844 autem
910 3781 1164 3845 vocibus
1194 3781 1479 3870 Μίθρου
1509 3807 1578 3847 τε
1611 3790 1756 3870 φῶς
1784 3782 1950 3869 μέγα
1994 3783 2105 3845 aut
2135 3799 2348 3846 earum
2394 3778 2756 3844 sententiae

668 3882 840 3949 nullo
906 3885 1033 3949 alio
1083 3886 1220 3949 loco
1292 3902 1705 3963 occurramus,
1766 3884 2028 3950 minime
2085 3884 2242 3949 licet
2300 3884 2451 3948 hinc
2496 3881 2753 3948 efficere

669 3990 985 4055 Romanos
1033 4009 1279 4073 quoque
1330 3991 1554 4055 eodem
1601 3990 1789 4054 modo
1837 3991 1915 4054 de
1963 3991 2080 4055 deo
2126 3990 2241 4055 illo
2288 3987 2574 4055 sensisse.

850 4165 884 4230 ¹)
922 4164 956 4215 l.
998 4179 1041 4216 c.
1080 4161 1157 4215 IV
1198 4163 1312 4225 198,
1350 4164 1416 4215 23
1455 4161 1772 4229 (Artax.·4).
1844 4163 2056 4233 Lipsiae
2097 4164 2245 4219 1846.
2318 4164 2391 4215 8⁰.

846 4250 886 4318 2)
923 4250 959 4303 l.
999 4265 1042 4305 c.
1080 4249 1168 4303 ΙΙΙ
1206 4252 1322 4314 172,
1359 4250 1563 4301 20—21
1602 4249 1715 4318 (fol.
1753 4248 1877 4316 68⁴2)
1914 4250 2086 4318 (Alex.
2114 4248 2216 4318 30).
2253 4249 2468 4320 Lipsiae
2488 4249 2635 4304 1843.
2674 4249 2751 4306 8⁰.

2877 3971 2880 3984 l

2877 3995 2880 4086 ἔ

2877 4105 2880 4134 Ε
