2925 4802
1632 285 1713 347 26

635 512 748 557 nec
807 512 930 556 non
985 492 1127 555 alia*
1168 491 1470 576 mysteria
1531 509 1662 555 non
1724 489 1986 555 minoris
2043 491 2237 573 pretii
2295 490 2485 556 fuisse
2534 491 2713 558 dicit.

525 682 529 686 ,
633 596 832 676 Quam
857 596 1257 673 sententiam,
1285 614 1662 678 quamquam
1697 595 1793 659 est
1822 595 2008 658 unica
2040 595 2115 659 de
2149 594 2355 660 valore
2392 597 2456 660 et
2487 615 2717 678 propa-

146 2144 259 2199 xlv.
332 2143 557 2199 Commo-

260 2213 456 2267 dianus,

631 702 888 785 gatione
935 701 1054 764 Dei
1103 698 1266 765 Solis
1314 698 1514 763 cultus
1559 698 1627 762 in
1670 699 2091 763 Romanorum
2138 699 2427 781 imperio,
2487 720 2715 765 caven-

633 808 780 871 dum
815 807 912 870 est
943 825 1020 869 ne
1052 805 1248 886 pluris
1303 804 1608 869 aestimes,
1685 802 2051 882 Notandum
2084 803 2255 867 enim
2287 805 2383 868 est
2416 803 2715 887 Origenis

629 913 913 993 tempore
969 909 1081 973 illa
1130 920 1369 991 quoque
1428 907 1553 971 alia
1613 905 1918 991 mysteria
1972 906 2194 971 florere
2253 907 2381 971 iam
2431 906 2713 973 desiisse.

632 1017 850 1097 Itaque
888 1015 1143 1095 tantum
1191 1012 1464 1077 Mithrae
1529 1011 1769 1074 cultum
1816 1012 2229 1092 propagatum
2278 1012 2568 1076 omnibus
2616 1013 2716 1076 in-

633 1118 908 1183 notuisse
969 1135 1168 1198 neque
1234 1135 1377 1180 eum
1437 1115 1704 1181 vetitum
1763 1114 1952 1180 fuisse
2018 1134 2091 1179 ex
2154 1115 2448 1198 Origenis
2508 1118 2718 1183 verbis

631 1223 885 1286 statuas.
1009 1219 1274 1284 Accedit
1334 1220 1405 1283 ut
1470 1220 1737 1301 scriptor
1813 1220 2130 1286 vocabulis
2181 1220 2388 1285 utatur
2449 1218 2532 1287 ου’
2589 1224 2717 1309 γάρ

633 1331 824 1404 δοκεῖ,
902 1343 1059 1407 quae
1135 1342 1452 1405 nunquam
1529 1323 1951 1401 adhibuisset,
2020 1323 2074 1387 si
2142 1324 2493 1388 accuratius
2576 1344 2717 1389 rem

632 1429 1018 1512 exploratam
1079 1427 1423 1492 habuisset.
1532 1426 1696 1506 Quid
1751 1429 1963 1491 autem
2022 1425 2423 1493 iudicandum
2489 1428 2578 1493 sit
2639 1429 2718 1494 de

630 1533 989 1599 initiatione
1037 1532 1305 1615 quadam
1351 1530 1882 1597 nobilissimorum
1931 1551 1964 1596 e
1995 1533 2420 1597 Romanorum
2468 1535 2715 1611 senatu,

610 1638 1003 1719 ‚praesertim
1038 1655 1196 1713 cum,
1231 1635 1355 1700 nisi
1389 1635 1505 1699 illa
1537 1635 1835 1720 mysteria
1868 1654 1904 1698 a
1931 1635 2290 1700 Mithriacis
2338 1635 2496 1717 ipsis
2529 1637 2719 1701 valde

631 1742 963 1807 abhorrere
1011 1760 1077 1804 re
1123 1741 1259 1822 ipsa
1304 1741 1541 1818 creda8‚
1589 1759 1711 1805 non
1760 1739 2025 1803 minimo
2074 1758 2211 1804 cum
2272 1739 2406 1804 iure
2467 1741 2544 1804 de
2590 1741 2720 1805 Mi-

630 1845 808 1937 thrae
853 1845 1125 1910 initiatis
1170 1844 1544 1926 scriptorem
1593 1845 1869 1909 locutum
1920 1862 2060 1923 esse*
2100 1842 2404 1908 credibile
2453 1843 2573 1930 sit„
2611 1842 2730 1908 nie·

632 1950 886 2031 quidem
933 1949 1117 2014 fallit.

801 2139 938 2204 Etsi
982 2138 1234 2221 longius
1288 2158 1422 2203 rem
1470 2138 1804 2220 explicavit
1858 2142 2074 2204 tamen
2122 2137 2368 2202 exiliter
2413 2137 2722 2204 disseruit

632 2242 1115 2309 Commodianus
1174 2243 1241 2305 in
1310 2241 1516 2323 capite
1571 2243 1764 2307 tertio
1836 2244 2075 2307 decimo
2141 2242 2329 2307 libri:
2397 2240 2720 2307 Adversus

629 2350 915 2434 gentium
963 2347 1112 2415 deos
1159 2385 1244 2394 —-
1293 2348 1366 2413 de
1413 2348 1690 2414 Mithrae
1738 2349 1906 2415 cultu
1950 2349 2051 2414 his
2097 2348 2337 2413 verbis:
2752 2346 2760 2353 ’

762 2455 1048 2518 Invictus
1093 2452 1168 2517 de
1205 2467 1394 2539 petra
1435 2468 1640 2536 natue,
1686 2455 1750 2517 si
1789 2452 1936 2518 deus
1982 2455 2260 2533 habetur,

758 2559 947 2622 Nunc
994 2581 1135 2645 erqo
1182 2571 1344 2621 retro
1389 2582 1494 2621 vos
1540 2557 1614 2621 de
1658 2558 1797 2621 iscis
1844 2558 1983 2621 date
2017 2558 2318 2644 priorem.

741 2668 745 2671 ’
776 2663 935 2726 Vicit
965 2675 1156 2747 petra
1202 2660 1382 2724 deum
1399 2686 1423 2743 5
1473 2660 1864 2746 quaerendus
1906 2649 2001 2725 'esc
2035 2673 2253 2747 petrae
2298 2673 2559 2724 creator.

756 2764 1021 2851 Insuper
1065 2780 1121 2831 et
1147 2766 1370 2853 furem
1415 2766 1622 2831 adhuc
1668 2766 1997 2855 depz'nyz‘tzs
2042 2791 2201 2849 esse,·

766 2870 924 2935 Cum
967 2873 1030 2935 si
1067 2872 1218 2936 deus
1264 2887 1419 2936 esset
1461 2896 1739 2957 unquam
1782 2895 1902 2936 non
1930 2870 2120 2958 furto
2166 2870 2424 2951 vivebat,

773 2976 1078 3039 Terrenus
1122 2977 1329 3060 utique
1356 2974 1503 3062 fait
1546 2990 1600 3040 et
1644 2978 2060 3040 monstrivora
2106 2988 2355 3039 natura.

776 3079 1170 3164 Vertebatque
1215 3079 1410 3161 bove-9,
1458 3079 1696 3144 alienos
1741 3102 1980 3166 semper
2023 3080 2091 3142 in
2137 3080 2363 3160 antris,

765 3182 941 3249 Sicut
984 3197 1040 3247 et
1092 3182 1294 3248 Cacus
1356 3185 1651 3249 Vulcanz'i
1671 3186 1857 3271 filius
1902 3185 2006 3248 ille
2028 3184 2097 3265 ¹).

798 3289 1079 3352 Primum
1156 3289 1492 3354 dicendum
1568 3290 1663 3354 est
1739 3288 2009 3353 dubitari
2084 3306 2207 3352 non
2296 3305 2474 3370 posse
2556 3290 2726 3370 quin

626 3391 897 3472 scriptor
947 3392 1023 3455 de
1068 3391 1302 3457 Mithra
1348 3392 1661 3474 loquatur.
1748 3389 2043 3469 Quamvis
2088 3393 2298 3457 autem
2345 3412 2467 3456 non
2520 3411 2726 3457 accu-

626 3496 823 3559 ratius
885 3495 1014 3559 eius
1062 3497 1531 3562 venerationem
1596 3498 1703 3561 aut
1764 3515 1938 3560 sacra
1984 3496 2359 3579 scriptorem
2417 3498 2725 3563 nostrum

629 3599 995 3682 cognovisse
1043 3600 1307 3678 constet,
1354 3602 1569 3665 tamen
1602 3600 1830 3663 nullius
1877 3600 2068 3681 pretii
2114 3602 2302 3665 verba
2340 3603 2531 3668 citata
2578 3623 2727 3670 non

627 3702 789 3765 mihi
831 3702 1125 3767 videntur
1172 3722 1324 3769 esse.
1436 3703 1593 3768 Cum
1655 3703 1824 3767 enim
1880 3704 2049 3769 dicat
2110 3704 2440 3793 depz'nyz'tis
2483 3704 2728 3789 furem

627 3829 770 3884 esse,
819 3824 928 3888 pro
977 3809 1146 3872 certo
1193 3807 1422 3872 habeas
1472 3826 1613 3871 eum
1654 3810 1991 3873 simulacra
2034 3810 2156 3873 Dei
2200 3808 2449 3877 vidisse.
2531 3809 2724 3889 Quae

628 3929 771 3974 cum
817 3910 910 3974 ita
965 3910 1110 3989 sint,
1177 3909 1395 3976 credas
1439 3912 1648 3976 verbis
1713 3931 1954 3995 quoque
2019 3932 2174 3995 quae
2236 3915 2381 3978 sunt
2425 3927 2726 3982 terrenus

626 4014 834 4098 utique
861 4012 1006 4099 fuit
1035 4027 1090 4077 et
1132 4015 1546 4079 monstrivora
1588 4029 1821 4079 natura
1863 4015 2054 4081 fidem
2110 4034 2246 4081 esse
2280 4018 2725 4088 tribuendam.

772 4187 805 4251 ¹)
855 4185 934 4239 ed.
982 4187 1031 4240 J.
1080 4187 1140 4242 P.
1190 4185 1392 4255 Migne‚
1439 4187 1584 4239 Patr.
1633 4203 1766 4241 curs,
1819 4204 1916 4241 ser.
1963 4187 2117 4256 prim.
2168 4188 2261 4242 lat.
2314 4189 2364 4243 V
2409 4191 2725 4253 210-211,

626 4273 778 4326 Paris
815 4274 965 4327 1848.
1002 4274 1073 4326 8⁰.
