2925 4802
2637 80 2840 103 τιὴ*

1617 285 1705 352 54

1504 377 1814 385 ————-

613 512 1040 595 interpolavit.
1133 511 1409 589 Deinde,
1458 511 1599 594 quis
1663 510 2205 578 immolationibus
2272 511 2641 578 hominum
2708 532 2748 578 a

616 616 878 702 paganis
923 616 1187 682 nefande
1232 617 1505 699 peractis
1534 615 1834 681 libentius
1864 614 2239 682 credidisset
2269 618 2571 697 Socrate,
2626 619 2761 702 qui·

617 721 965 788 christiana
984 719 1295 805 religione
1317 720 1599 786 imbutus
1632 721 1821 802 atque
1854 718 2161 785 ecclesiae
2188 723 2356 786 esset
2387 722 2742 793 defensor.

614 827 773 892 Rem
842 824 935 891 ita
1008 844 1077 890 se
1139 825 1374 890 habere
1453 823 1663 889 verbis
1731 840 1975 906 quoque
2035 824 2379 889 narrationi
2460 828 2743 892 macta-

615 929 809 996 tionis
839 928 1214 1012 antepositis
1244 929 1361 1008 οῧς
1384 927 1578 1015 λόγος
1605 935 1864 1011 κατεῖχε
1894 928 2118 1006 elucet,
2152 929 2371 1011 quibus
2402 929 2745 1015 intellegi

616 1035 845 1115 potest,
893 1034 1014 1099 nisi
1063 1034 1251 1099 aliam
1298 1050 1514 1099 eorum
1560 1031 1795 1096 habeas
1841 1030 2453 1126 interpretationem,
2502 1034 2743 1117 scrip-

614 1141 818 1204 torem
864 1138 1068 1220 ipsum
1113 1137 1427 1201 affirmare
1490 1155 1557 1201 36
1615 1136 1827 1199 omnia
1884 1135 1961 1199 de
2004 1135 2284 1202 Mithrae
2346 1136 2527 1203 cultu
2604 1140 2745 1206 hoc

616 1242 755 1308 loco
813 1240 1054 1306 tradita
1106 1260 1221 1305 nec
1280 1241 1436 1305 satis
1499 1241 1671 1305 certe
1734 1238 2103 1322 cognovisse
2150 1259 2267 1306 nec
2309 1241 2496 1325 plane
2555 1245 2742 1310 veri-

614 1347 811 1410 tatem
847 1342 924 1409 de
955 1344 1036 1410 iis
1069 1345 1471 1429 comperisse.
1520 1343 1674 1424 Quis
1707 1345 1916 1408 autem
1950 1345 2064 1424 est,
2098 1345 2225 1428 qui,
2259 1364 2393 1410 cum
2427 1348 2740 1431 scriptor

614 1450 683 1513 in
740 1451 921 1515 tanta
980 1450 1165 1531 atque
1223 1450 1355 1514 tam
1414 1448 1595 1532 gravi
1647 1466 1716 1512 re
1777 1448 2126 1513 enarranda
2180 1465 2245 1514 se
2297 1449 2467 1514 fama
2518 1468 2739 1518 usum

619 1570 751 1620 6336
798 1554 935 1636 ipse
982 1553 1374 1633 confiteatur,
1420 1553 1613 1619 fidem
1663 1551 1721 1616 ei
1765 1551 2044 1619 tribuere
2085 1552 2262 1632 velit,
2310 1555 2414 1637 qui
2465 1559 2736 1637 narrat,

546 1722 555 1737 ‚
619 1677 776 1741 quae
834 1657 1103 1724 aliorum
1161 1657 1533 1724 testimonio
1593 1657 1808 1722 carent
1867 1657 2154 1725 veritate.
2249 1659 2549 1742 Denique
2611 1663 2739 1728 So·

616 1763 857 1826 cratem
881 1779 990 1827 seu
1009 1761 1349 1827 coniecisse
1369 1780 1477 1828 3611
1497 1761 1740 1826 fabulas
1756 1761 2120 1840 tradidisse,
2146 1761 2305 1827 illud
2323 1783 2581 1847 quoque
2607 1787 2738 1832 nos

620 1865 824 1944 docet,
873 1866 1040 1949 quod
1069 1865 1278 1931 verbis
1310 1864 1575 1930 minime
1622 1862 1804 1930 claris
1839 1865 1915 1929 de
1963 1884 2039 1930 ea
2082 1865 2476 1949 reloquitur.
2538 1868 2738 1949 Quid

620 1969 789 2034 enim
835 1969 957 2035 sibi
1005 1968 1201 2034 velint
1243 1968 1434 2034 verba
1462 1971 1745 2055 μαγικοὶς
1786 1968 2045 2036 ἐτέλουν
2087 1972 2332 2051 θυσίας
2370 1999 2731 2062 καταμαγ-

618 2073 991 2164 γανεύοντες
1032 2072 1156 2153 τὰς
1198 2076 1430 2164 ψυχάς
1476 2091 1578 2137 1116
1626 2072 1880 2155 quidem
1925 2072 2112 2155 fugit.
2190 2073 2394 2154 Quam
2441 2076 2520 2142 ob
2575 2098 2736 2144 rem

619 2178 779 2243 mihi
858 2176 1320 2242 demonstrasse
1399 2176 1613 2241 videor
1691 2176 1759 2240 111
1845 2179 2032 2263 adyto
2108 2179 2378 2261 quodam
2441 2181 2737 2250 Mithrei

621 2282 1042 2349 Alexandriae
1089 2300 1252 2346 anno
1295 2281 1746 2346 trecentesimo
1795 2282 2182 2366 sexagesimo
2239 2284 2511 2350 secundo
2556 2290 2735 2368 post

622 2385 766 2456 chr.
829 2407 888 2452 n.
951 2384 1276 2453 hominum
1338 2385 1417 2451 ad
1483 2384 1788 2451 Mithram
1850 2385 2293 2453 celebrandum
2350 2407 2530 2454 crura
2596 2411 2733 2457 nec

619 2493 872 2575 reperta
916 2510 1033 2556 nec
1077 2510 1192 2573 per
1234 2491 1454 2556 urbem
1502 2491 1581 2554 ad
1619 2490 1962 2556 ludibrium
1992 2491 2352 2573 paganismi
2400 2513 2529 2560 esse
2577 2496 2733 2561 tra-

623 2596 825 2660 ducta.
916 2593 1051 2675 Qua
1094 2595 1161 2658 in
1206 2614 1273 2658 re
1324 2595 1607 2660 Socratis
1664 2595 2031 2662 testimonio
2087 2596 2350 2661 minima
2409 2598 2562 2663 fides
2620 2603 2732 2667 est

619 2700 974 2767 tribuenda.
1065 2698 1498 2764 Intelleximus
1545 2699 1745 2781 igitur
1792 2700 2207 2767 Sozomenum
2272 2705 2562 2772 accurate
2647 2724 2731 2771 ea

623 2823 783 2888 quae
838 2803 1079 2868 tradita
1123 2805 1303 2869 erant
1365 2804 1757 2869 retractasse.
1851 2805 1979 2869 Sed
2037 2805 2193 2870 haec
2254 2806 2571 2872 hactenus.
2631 2847 2727 2857 —-

623 2909 879 2975 Addere
939 2908 1131 2973 liceat
1187 2908 1480 2973 omnibus
1537 2926 1588 2971 a-
1627 2907 1807 2973 nobis
1871 2908 2142 2992 cognitis
2211 2910 2366 2975 satis
2425 2913 2728 2980 constare

621 3011 961 3078 Mithriaca
1015 3013 1094 3077 ab
1157 3011 1488 3076 hominum
1549 3011 1988 3078 immolatione
2046 3011 2230 3077 valde
2288 3033 2539 3098 semper
2601 3018 2726 3081 ab·

623 3118 958 3185 horruisse.
1008 3152 1086 3164 -
1134 3118 1358 3182 Restat
1420 3134 1649 3181 novum
1720 3117 1886 3199 quod
1949 3117 2197 3200 repperi
2261 3121 2724 3202 argumentum

624 3224 1038 3290 Sozomenum
1072 3222 1350 3288 Socratis
1384 3220 1640 3303 scriptis
1687 3240 1815 3286 non
1860 3240 1997 3286 esse
2035 3240 2235 3286 usum.
2331 3222 2723 3289 Sozomenus

625 3328 796 3393 enim
838 3345 1178 3409 nunquam,
1210 3326 1282 3390 ut
1315 3344 1505 3407 supra
1549 3325 1764 3408 paucis
1812 3324 2099 3404 diximus,
2147 3325 2201 3389 si
2245 3327 2441 3391 verba
2483 3329 2724 3416 κρανία

622 3429 994 3521 ἀνθρώπων
1037 3432 1248 3498 πολλὰ
1292 3439 1446 3497 νεῶν
1499 3431 1609 3496 καὶ
1651 3432 1953 3496 παλαιῶν
2010 3428 2276 3512 legisset
2331 3429 2540 3515 ξόανα
2593 3432 2724 3513 μὲν

625 3537 785 3615 ἴσως
827 3535 940 3601 καὶ
984 3535 1221 3623 ὄργανα
1264 3532 1639 3620 scripsisset.
1729 3533 2074 3598 Hominum
2136 3534 2307 3597 enim
2369 3534 2453 3598 ad
2498 3534 2716 3599 colen-

627 3639 776 3703 dum
854 3638 1039 3703 deum
1124 3637 1511 3703 mactatione
1587 3655 1736 3718 prae
1828 3638 2055 3703 ceteris
2137 3637 2313 3703 illius
2399 3639 2717 3719 temporis

627 3743 892 3825 scriptor
938 3741 1402 3808 ecclesiasticus
1448 3743 1627 3807 tanto
1675 3742 1844 3807 esset
1889 3743 2146 3807 affectus
2188 3742 2471 3820 horrore,
2518 3741 2589 3806 ut
2636 3743 2716 3808 de

630 3864 705 3911 ea
724 3865 801 3910 >re
833 3861 979 3911 sane
1011 3865 1136 3911 non
1168 3847 1490 3926 tacuisset,
1517 3846 1630 3911 sed
1660 3844 1790 3910 sive
1814 3845 1985 3910 idem
2012 3846 2199 3927 quod,
2227 3846 2516 3911 Socrates
2541 3844 2719 3910 affir-

628 3950 848 4030 mavit,
883 3950 1201 4031 edixisset,
1236 3954 1367 4016 sive
1414 3970 1556 4016 eum
1602 3950 1879 4015 nefariae
1911 3948 2304 4014 crudelitatis
2335 3949 2715 4016 accusasset.

630 4053 813 4133 Quod
846 4059 1302 4140 argumentum,
1343 4056 1460 4122 etsi
1494 4073 1774 4137 parvum,
1806 4056 2021 4119 tamen
2072 4053 2290 4136 magni
2321 4053 2482 4117 mihi
2523 4052 2717 4135 pretii

629 4159 878 4223 videtur
940 4178 1091 4226 esse.
2096 4153 2103 4160 ’
