2925 4802
1178 240 1262 303 29

175 447 301 512 nisi
369 466 468 521 res
540 447 727 531 plane
787 446 994 511 lucida
1050 447 1110 510 ei
1168 445 1409 510 suisset.
1515 443 1687 526 Quae
1748 461 1935 510 causa
2000 445 2261 527 praebet

174 553 620 636 argumentum
718 549 1137 634 Porphyrium
1226 548 1569 614 Mithriaca
1643 551 1782 633 ipsa
1848 550 2077 615 vidisse
2156 551 2265 614 aut

174 655 454 721 initiatis
516 654 739 719 amicis
785 643 1043 719 fruitum
1093 672 1245 721 esse.
1323 653 1523 719 Recta
1567 654 1766 736 igitur
1833 653 1983 736 quin
2042 654 2262 719 initia-

171 762 388 824 torum
460 760 719 824 nomina
781 759 1054 841 scriptor
1113 760 1332 823 noster
1412 758 1623 824 tradat
1684 759 1957 824 dubitari
2020 744 2258 843 nequit.

175 864 270 927 At
325 863 673 927 notandum
729 880 973 944 quoque
1036 863 1132 925 est
1214 862 1422 927 verbis
1489 857 2078 952 προςαγορεύονται
2144 881 2259 927 nec

173 987 305 1032 non
393 969 809 1058 περιτίθεται
895 966 1138 1029 elucere
1206 966 1627 1050 Porphyrium
1706 965 2073 1048 cognovisse
2150 985 2261 1030 suo

172 1072 374 1136 etiam
450 1073 736 1152 tempore
812 1069 1050 1133 cultum
1119 1068 1297 1132 illum
1360 1087 1397 1132 a
1459 1071 1764 1135 Romanis
1826 1071 2261 1153 perpetratum

174 1195 335 1241 esse.
411 1176 634 1240 Restat
677 1176 750 1238 ut
781 1173 1112 1255 intellegas
1153 1175 1344 1239 verba
1383 1176 1508 1254 τὰς
1554 1175 1625 1242 δὲ
1654 1182 1963 1262 γυναῖκας
2004 1176 2264 1255 λεαίνας

171 1299 292 1346 nos
361 1280 590 1345 docere
663 1278 934 1342 feminas
999 1295 1240 1361 quoque
1304 1278 1590 1342 initiatas
1654 1296 1789 1342 esse
1854 1279 2072 1359 cultui,
2139 1278 2264 1343 nisi

172 1385 400 1450 credas
421 1383 841 1468 Porphyrium
882 1382 996 1446 illa
1022 1382 1102 1445 ad
1142 1399 1272 1446 rem
1303 1384 1550 1447 tantum
1585 1379 2022 1447 illustrandam
2062 1401 2262 1465 neque

169 1509 327 1555 vero
414 1489 685 1554 testibus
753 1488 998 1554 Eubulo
1068 1487 1133 1549 et
1194 1484 1481 1551 Pallante
1557 1486 1967 1567 scriptoribus
2056 1487 2261 1551 nisum

174 1593 525 1660 addidisse.

358 1782 778 1870 Porphyrium
812 1786 1025 1848 autem
1059 1783 1265 1867 ipsum
1307 1784 1643 1849 simulacra
1671 1783 2001 1849 Mithriaca
2030 1784 2261 1850 vidisse

171 1889 527 1955 verisimile
562 1907 636 1952 ea
668 1907 914 1971 quoque
949 1888 1025 1952 de
1057 1907 1245 1952 causa
1277 1890 1390 1967 est,
1439 1889 1585 1970 quia
1617 1888 1683 1952 in
1731 1889 1940 1970 capite
1988 1889 2261 1971 septimo

174 1995 429 2060 decimo
453 1994 630 2059 libri:
666 1996 759 2059 De
786 1996 966 2058 antro
997 1994 1437 2079 Nympharum
1471 2030 1545 2040 «-
1570 1994 1777 2058 verbis
1809 1994 2010 2058 utitur
2039 1996 2265 2074 καθώς

174 2100 370 2184 παρὰ
422 2107 517 2184 τῷ
561 2100 804 2191 Μίθρῃ
867 2100 903 2166 ὁ
948 2101 1193 2188 κρατήρ
1251 2100 1393 2165 ἀντὶ
1453 2105 1575 2184 τῆς
1616 2104 1828 2186 πηγῆς
1873 2098 2169 2165 τέτακται
2188 2097 2259 2180 1).

172 2203 314 2285 Ego
391 2203 649 2284 quidem
717 2222 1077 2285 persuasum
1141 2220 1264 2266 nou
1338 2200 1540 2267 habeo
1599 2201 1754 2266 haec
1820 2221 2062 2286 quoque
2124 2221 2262 2266 eum

175 2305 349 2388 apud
409 2306 720 2373 Eubulum
790 2308 897 2370 aut
950 2306 1301 2370 Pallantem
1368 2306 1615 2388 legisse.
1727 2306 2024 2388 Spectare
2091 2306 2257 2370 enim

174 2412 476 2478 videntur
553 2412 679 2476 illa*
749 2413 828 2476 ad
901 2430 1122 2476 urnam
1191 2413 1525 2495 quandam,
1591 2429 1776 2495 quam
1834 2427 2135 2494 persaepe
2197 2410 2260 2474 iu

179 2515 669 2581 Mithriaco'rum
718 2516 1070 2581 simulacris
1119 2516 1332 2581 fictam
1379 2515 1591 2582 habes.

328 2743 618 2808 'Maioris
698 2743 1002 2810 momenti
1081 2744 1208 2808 alia
1277 2744 1353 2809 de
1430 2744 1601 2808 cultu
1668 2742 2009 2829 Porphyrii
2072 2745 2263 2811 verba

180 2849 482 2915 videntur
527 2867 681 2915 esse.
759 2850 836 2913 In
884 2848 1095 2931 capite
1142 2848 1308 2912 enim
1358 2847 1654 2913 vicesimo
1697 2848 1883 2913 libri:
1937 2849 2035 2913 De
2081 2851 2261 2914 antro

176 2954 626 3039 Nympharum
651 2991 732 3000 —-
757 2954 1036 3038 loquitur
1068 2959 1411 3037 πανταχοῦ
1434 2953 1611 3022 ὅπου
1639 2952 1749 3021 τόν
1774 2954 2053 3043 Μίθραν
2076 2951 2262 3039 ἔγνω-

176 3084 318 3141 σαν,
383 3061 496 3127 δαὶ
546 3058 873 3147 σπηλαίου
916 3060 1029 3125 τόν
1072 3060 1233 3126 θεόν
1276 3057 1747 3143 ἱλεουμὲνωνῖ).
1838 3056 1932 3121 Ac
1987 3057 2258 3139 primum

178 3162 440 3244 quidem
480 3162 922 3243 intellegamus
969 3160 1295 3245 scriptoris
1325 3164 1612 3245 tempore
1655 3162 1774 3225 Dei
1816 3161 1975 3227 Solis
2023 3161 2259 3227 cultum

174 3265 364 3331 valde
413 3261 707 3330 diffusum
754 3283 955 3347 neque
1000 3266 1130 3338 ullo
1176 3266 1314 3330 loco
1359 3266 1482 3330 nisi
1530 3266 1595 3329 in
1642 3265 1841 3331 antris
1891 3266 2076 3330 deum
2123 3283 2260 3331 esse

178 3368 438 3434 cultum.
547 3370 707 3433 Tum
766 3369 975 3433 verbis
1034 3378 1374 3454 πανταχοῦ
1435 3370 1611 3439 ὅπου
1674 3367 1957 3460 ἔγνωσαν
2010 3370 2259 3435 ostendi

175 3475 360 3555 patet
404 3474 858 3538 venerationen
903 3473 1079 3537 illam
1111 3474 1383 3539 Mithrae
1422 3474 1778 3559 Porphyrio
1821 3493 2065 3557 quoque
2097 3475 2259 3539 teste

176 3576 445 3642 minime
505 3579 710 3641 totum
755 3579 1011 3661 vulgum
1058 3578 1318 3642 alicuius
1365 3578 1585 3662 populi
1632 3579 1999 3661 cognovisse
2059 3597 2260 3662 neque

180 3682 474 3748 omnibus
522 3682 679 3747 locis
724 3682 1070 3765 peregisse.
1163 3683 1317 3747 Cum
1361 3685 1573 3747 autem
1623 3684 1795 3748 dicat
1839 3683 2112 3765 scriptor
2153 3685 2264 3749 τὸν

176 3786 324 3854 υἱὸν
363 3785 757 3871 ἱλεουμένων
802 3788 1054 3870 putasse
1100 3786 1347 3851 videtur
1390 3805 1622 3851 numen
1668 3787 1947 3853 Mithrae
2004 3787 2261 3851 omnino

184 3890 376 3956 deum
436 3891 815 3955 irascentem
865 3892 1244 3973 placandum
1306 3892 1517 3971 fuisse,
1574 3912 1759 3975 quam
1806 3891 1972 3958 Solis
2020 3889 2261 3956 Jnvicti

326 4132 366 4200 ¹)
402 4131 484 4185 ed.
520 4131 582 4185 R.
621 4132 692 4186 M.
727 4110 829 4187 *van
867 4131 1049 4187 Goens
1092 4136 1166 4186 17.
1207 4132 1441 4187 Traiecti
1477 4134 1546 4189 ad
1583 4134 1837 4189 Rhenum.
1878 4135 2029 4189 1765.
2088 4133 2175 4186 4⁰.

310 4218 359 4292 ἶ)
397 4218 438 4272 l.
474 4233 519 4272 c.
559 4219 639 4271 19.

2334 1782 2407 1840 XV
2429 1787 2478 1837 2.
2515 1785 2745 1865 'Porphy-

2487 1872 2608 1909 rius.

2332 2744 2409 2800 XV
2453 2746 2502 2798 3.
2529 2745 2746 2816 Porphy-
2809 2808 2813 2812 ⁴

2481 2815 2600 2870 rius.
