2925 4802
1161 271 1245 334 23

128 470 343 562 quem
391 478 912 562 investigavimus
967 478 1195 556 tradat,
1234 478 1578 543 verisimile
1619 478 1866 559 videtur
1909 496 2043 544 esse
2088 479 2244 545 haec

125 584 366 661 verba,
431 602 691 665 quorum
759 581 950 646 dubia
1019 581 1342 646 sententia
1382 582 1685 667 ‚accurate
1751 583 1813 645 61,
1874 582 2278 664 singulatim*

129 687 459 771 explicari
505 706 628 752 non
674 688 904 768 potest,
952 687 1032 750 acl
1061 686 1333 751 Mithrae
1382 685 1617 750 cultum
1665 686 1992 766 pertinere.
2047 685 2242 765 'Quae

131 811 214 856 eo
267 791 570 875 graviora
614 789 774 855 mihi
805 790 1093 854 videntur
1136 807 1291 868 esse,
1340 809 1483 853 cum
1516 790 1915 855 consentiant
1949 810 2089 855 cum
2133 792 2241 868 616,

132 914 310 979 quae
380 914 456 960 ea
518 894 592 959 de
654 914 721 959 re
780 895 1012 973 narrat,
1058 896 1128 958 111
1175 894 1603 977 cognovimus,
1652 894 1939 959 Justinus
1985 895 2240 979 Martyr.

131 1000 398 1064 Tamen
461 1000 694 1063 iterum
755 998 1003 1061 affirmo
1048 998 1389 1062 Mithriaca
1435 998 1512 1063 ab
1559 997 1850 1062 irrisione
1900 997 2243 1063 Christiani

132 1104 364 1168 cultus
414 1101 829 1180 abhorruisse,
882 1103 947 1166 et
990 1101 1310 1167 <Iustinum
1358 1103 1422 1166 et
1470 1102 1947 1181 Tertullianum,
2001 1102 2123 1166 nisi
2172 1122 2244 1167 ex

132 1209 380 1272 eodem
461 1207 634 1271 fonte
708 1208 971 1288 uterque
1051 1223 1262 1271 eorum
1345 1206 1657 1285 hauserit,
1741 1205 2243 1272 Christianorum

131 1311 509 1376 simulacris
552 1309 860 1374 similibus
892 1309 1246 1374 Mithriacis
1280 1309 1439 1374 falso
1474 1309 1829 1374 irrisionem
1871 1310 2240 1391 imputasse.

133 1414 336 1494 Quod
383 1413 608 1479 fecisse
656 1412 1037 1478 christianos
1071 1414 1409 1495 scriptores
1439 1414 1670 1476 mirum
1717 1433 1840 1478 non
1888 1416 1999 1478 est.
2071 1412 2241 1492 Quae

133 1537 292 1583 cum
369 1519 464 1584 ita
521 1518 667 1596 sint,
727 1518 790 1581 et
837 1516 1125 1582 omnibus
1181 1517 1257 1581 de
1304 1517 1667 1582 Mithriacis
1724 1517 1991 1581 narratis
2051 1517 2239 1581 fidem

128 1624 432 1688 tribuere
509 1639 892 1702 magnopere
966 1620 1182 1686 dubito
1262 1639 1460 1702 neque
1530 1621 1715 1703 plane
1790 1639 2020 1703 negare
2096 1640 2243 1685 vera

130 1727 395 1792 tradita
443 1744 578 1789 esse
625 1726 842 1789 audeo.

321 1879 814 1963 Progrediamur
869 1881 949 1945 ad
998 1880 1165 1945 Cassi
1214 1879 1437 1944 Dionis
1481 1881 1671 1945 verba
1714 1880 1985 1969 ἐμὼ...
2036 1877 2241 1967 ἦλθόν
2306 1887 2378 1941 xl.
2408 1886 2609 1967 Cassius
2635 1889 2719 1944 Dio

133 2011 209 2052 τε
254 1983 429 2073 πρὸς
474 1985 545 2050 σὲ
590 1986 707 2050 τόν
750 1983 909 2069 ἐμόν
956 1986 1140 2062 θεὸν,
1189 1981 1652 2074 προςκυνήσων
1697 2009 1791 2065 σε,
1836 1982 1925 2063 ὠς
1972 1986 2083 2051 καὶ
2111 1990 2239 2050 ,τόν
2362 1956 2668 2012 emmaum·

134 2087 434 2176 ,Μίθραν
461 2086 532 2167 ¹).
669 2088 955 2169 Scriptor
1016 2088 1183 2151 enim
1242 2106 1315 2151 ea
1375 2088 1616 2152 Neroni
1673 2087 1991 2152 dicentem
2051 2087 2240 2169 fingit

136 2192 519 2256 Teridatem
567 2191 907 2256 Armeniae
954 2210 1190 2274 regem.
1295 2191 1383 2256 At
1446 2192 1514 2254 in
1561 2192 1832 2256 solemni
1878 2193 2046 2274 regis
2095 2211 2237 2255 cum

136 2293 534 2379 imperatore
584 2308 797 2361 coram
850 2296 1033 2378 plebe
1081 2296 1392 2360 conventu
1439 2315 1628 2378 quem
1676 2297 1846 2364 dicta
1904 2298 2076 2361 recte
2124 2314 2235 2359 au-

141 2400 338 2478 disse,
402 2403 673 2480 notasse,
731 2400 1065 2466 tradidisse
1129 2400 1366 2466 0161166.
1477 2397 1675 2479 Quam
1739 2401 1816 2466 ob
1877 2419 2030 2479 rem,
2095 2421 2234 2466 cum
2339 2446 2344 2452 -

138 2506 444 2588 intellegi
504 2506 705 2587 possit
775 2524 847 2570 ex
912 2506 1004 2571 eis
1068 2523 1224 2588 quae
1295 2507 1635 2588 sequuntur
1717 2505 1897 2570 illum
1975 2507 2234 2570 minime

139 2608 489 2674 minimum
566 2610 751 2674 deum
839 2610 1194 2691 significare
1268 2609 1460 2688 velle,
1539 2628 1878 2692 cognoscas
1954 2609 2235 2675 Cassium

141 2714 426 2779 Dionem
471 2714 796 2796 cognitum
838 2713 1127 2778 habuisse
1171 2713 1473 2778 Mithram
1520 2715 1596 2779 ab
1632 2714 2232 2797 Armeniisquoque

139 2817 327 2882 valde
390 2816 587 2880 fuisse
648 2815 904 2882 cultum.
1014 2818 1110 2882 De
1158 2819 1583 2882 Romanorum
1649 2818 1771 2882 Dei
1834 2819 2233 2883 veneratione

140 2921 580 3002 intellegenda
625 2907 697 2985 611
737 2919 943 2985 verbis
988 2921 1317 3002 scriptoris
1365 2920 1496 2986 fere
1543 2921 1699 2986 haec
1744 2921 2032 2987 videntur
2078 2941 2231 2988 esse.

136 3026 431 3091 Primum
464 3025 586 3088 Dio
635 3025 712 3089 de
745 3025 982 3089 Mithra
1021 3045 1145 3090 non
1177 3025 1420 3090 100111116
1469 3028 1650 3104 66661,
1699 3026 1753 3090 61
1783 3026 2233 3109 imperatorem

139 3131 328 3195 illum
363 3130 716 3194 Mithriacis
762 3129 1085 3193 initiatum
1136 3147 1267 3194 6666
1316 3131 1616 3210 putasset,
1665 3131 1773 3194 aut
1817 3130 1870 3195 si
1917 3130 2054 3212 ipse
2101 3130 2232 3195 illis

141 3234 375 3299 fuisset
423 3233 730 3298 initiatus.
777 3223 964 3305 ‚Cum
997 3236 1204 3298 autem
1238 3234 1542 3299 Mithram
1589 3233 2011 3298 nominaverit
2058 3235 2234 3317 quasi

142 3338 341 3403 deum
403 3337 1008 3419 peregrinissimum,
1072 3356 1197 3403 non
1259 3338 1498 3416 dubit0,
1546 3338 1695 3420 quin
1762 3336 1977 3402 Cassio
2036 3338 2230 3402 Dioni

141 3433 343 3509 totus‘
381 3442 583 3505 cultus
625 3440 998 3506 Mithriacus
1062 3441 1223 3523 apud
1280 3442 1597 3506 Romanos
1622 3457 1626 3461 ⁷
1653 3443 2042 3524 propagatus
2103 3440 2231 3506 fere

141 3546 512 3627 incognitus
558 3545 766 3613 fuerit.

323 3683 577 3748 Addere
626 3702 871 3765 quoque
918 3684 1109 3749 liceat
1155 3684 1594 3749 testimonium
1629 3682 1960 3761 Athenaei,
2012 3702 2230 3764 quam·
2297 3693 2394 3747 XII.
2413 3692 2712 3747 Athenaeus.

147 3808 336 3873 quam
386 3806 458 3851 eo
507 3788 582 3852 de
612 3789 947 3852 Persarum
992 3789 1238 3852 tantum
1286 3787 1453 3852 cultu
1499 3786 1724 3870 agitur.
1807 3789 2014 3853 Verba
2060 3788 2229 3854 enim

145 3895 295 3959 sunt
338 3890 495 3955 haec
540 3893 836 3978 Κτησίας
885 3893 957 3960 δὲ
1005 3893 1193 3981 »παρ’
1225 3890 1460 3971 Ἰνδοῖς,
1509 3893 1724 3980 φησὶν,
1770 3892 1887 3958 οὐκ
1934 3885 2096 3959 εἶναι
2138 3899 2230 3977 τῷ

144 3998 404 4084 βασιλεῖ
427 4002 868 4084 μεθυσθῆναι.
903 3994 1084 4085 παρά
1110 3996 1181 4062 δὲ
1204 3994 1503 4085 ’Πέρσαις
1547 4003 1646 4081 τῷ
1671 3997 1936 4079 βασιλεῖ
1972 3993 2229 4085 ἐφίεται

288 4169 324 4236 ¹)
362 4168 443 4222 ed.
483 4168 543 4221 G.
583 4171 738 4223 Sturz
791 4167 862 4223 lV
915 4170 1032 4233 106,
1080 4171 1287 4221 72—74
1334 4169 1402 4238 (R
1452 4171 1587 4222 1029
1625 4200 1692 4207 —
1729 4170 1800 4238 L,
1828 4169 1890 4222 E.
1923 4199 1990 4207 —
2027 4170 2071 4223 L
2109 4171 2224 4227 718.

148 4258 288 4313 Nero
324 4255 509 4312 LXIII
545 4255 613 4322 5).
687 4255 901 4325 Lipsiae
942 4257 1089 4309 1824.
1162 4257 1235 4309 80.
