2925 4802
1247 300 1332 364 43

238 522 324 588 et,
372 510 579 572 annui
617 530 839 573 cursus
886 531 1213 573 numerum
1258 509 1407 573 dicit
1450 509 1520 572 in
1563 510 1712 573 solis
1745 510 1978 574 circulo
2012 511 2329 587 contineri,

238 634 431 698 quem
479 612 711 677 ethnici
748 614 863 676 sub
912 612 1118 677 eodem
1147 636 1400 676 numero
1450 614 1726 676 aliarum
1758 613 2084 678 literarum
2113 629 2334 678 vocant

237 717 566 804 ,Μείθραν
597 717 663 798 ¹).
724 717 816 781 De
865 715 1144 782 Basilide
1188 716 1439 798 quidem
1485 717 1621 799 ipse
1676 719 1888 782 narrat
1936 717 2332 803 (Apollonius

235 819 476 882 stoicus
534 820 780 882 natione
847 818 1225 883 Chaldaicus
1280 819 1362 901 et)
1424 819 1747 884 Basilides
1799 819 2332 907 Scythopolitanus

227 922 607 1008 philosophi
656 922 929 987 illustres
985 923 1303 1003 habentur,
1361 924 1479 1009 qui
1517 925 1832 988 verissim-i
1883 949 2121 1010 quoque
2184 926 2332 989 Cae-

237 1027 422 1089 saris·
459 1039 893 1111 praeceptores
943 1025 1234 1111 fuerunt.
1327 1027 1626 1107 Quamvis
1690 1031 1901 1094 autem
1946 1030 2165 1112 negari
2210 1049 2332 1094 non

237 1130 451 1211 possit
505 1129 829 1212 ingeniose
880 1131 1037 1195 hacc
1090 1132 1453 1210 Basilicam,
1514 1133 1635 1197 nisi
1691 1134 1767 1197 ab
1811 1134 1948 1198 alio
1996 1134 2329 1215 acceperit,

238 1234 577 1306 invenisse,
642 1237 857 1299 tamen
903 1254 978 1300 ea
1042 1238 1276 1327 nullius
1340 1236 1532 1319 pretii
1590 1237 1749 1300 mihi
1823 1237 2114 1302 videntur
2177 1256 2331 1300 esse.

240 1339 532 1403 Primum
580 1340 835 1421 quidem
885 1341 1023 1424 quis
1069 1342 1336 1423 ignoret,
1386 1363 1527 1408 cum
1588 1345 1652 1406 et
1711 1342 1947 1407 cultum
1996 1344 2060 1406 et
2106 1360 2332 1406 nomen

238 1443 527 1508 Mithrae
597 1464 636 1508 a
699 1445 1026 1510 Persarum
1104 1447 1409 1530 religione
1493 1447 1776 1529 profecta
1853 1464 1985 1511 esse
2067 1448 2331 1525 constet,

240 1548 513 1614 minime
585 1548 852 1614 Graecos
920 1551 1104 1615 deum
1174 1551 1250 1616 ab
1306 1551 1436 1616 illis
1508 1552 1586 1617 ad
1651 1569 1716 1616 se
1777 1550 2148 1615 translatum
2208 1551 2333 1615 alio

245 1653 444 1719 modo
491 1652 869 1735 nominasse.
964 1654 1340 1719 Addendum
1390 1675 1629 1737 quoque
1678 1659 1776 1720 est
1821 1654 2215 1735 scriptorem,
2262 1658 2334 1717 ut

243 1776 578 1821 numerum
635 1756 1054 1822 desideratum
1114 1758 1370 1838 efficiat,
1437 1761 1628 1824 verbo
1697 1761 2010 1849 Μείθραν
2070 1760 2331 1824 minime

243 1863 463 1926 autem
529 1862 812 1956 Μίθρᾳς
894 1862 1007 1926 uti.
1121 1861 1513 1946 Quapropter
1587 1864 1652 1928 id
1725 1882 1914 1927 unum
1997 1863 2333 1945 intellegas

247 1966 728 2049 Hieronymum,
785 1966 1151 2030 vocabulum
1194 1966 1498 2030 Mithram
1560 1987 1821 2051 graecae
1884 1969 2148 2052 originis
2210 1988 2332 2033 non

247 2088 410 2151 esse,
443 2070 574 2134 sive
608 2071 864 2136 omnino
909 2070 1228 2152 ignorasse
1273 2071 1426 2149 sive,
1474 2091 1613 2136 cum
1642 2072 1943 2136 Basilidis
1973 2073 2330 2155 ingeniosas

244 2173 524 2256 ineptias
570 2176 938 2252 enarrasset,
984 2194 1107 2240 non
1152 2176 1306 2240 satis
1353 2176 1641 2241 habuisse
1688 2177 2033 2259 cognitum.

423 2363 572 2430 Alia
632 2383 874 2448 quoque
931 2367 1121 2431 verba
1178 2366 1599 2451 Hieronymus
1659 2367 1857 2433 tradit
1919 2367 1996 2432 de
2059 2368 2330 2434 Mithrae

249 2471 415 2554 apud
478 2471 795 2536 Romanos
861 2469 1031 2534 cultu
1106 2471 1173 2534 in
1235 2469 1503 2552 epistola
1570 2473 1835 2555 quadam
1910 2472 1989 2537 ad
2054 2474 2329 2540 Laetam.

250 2573 430 2654 Quod
486 2574 942 2652 testimonium,
990 2594 1129 2639 cum
1188 2576 1403 2659 magni
1460 2577 1545 2640 sit
1600 2578 1923 2657 momenti,
1985 2579 2331 2643 accuratius

247 2681 768 2763 perscrutemur.-
829 2680 1177 2762 Postquam
1246 2680 1416 2744 enim
1485 2680 1645 2745 dixit
1711 2683 2182 2747 conversionem
2251 2684 2330 2748 ad

166 2861 177 2866 1
251 2783 659 2848 christianam
712 2783 1082 2865 religionem
1143 2803 1456 2866 nunquam
1506 2802 1638 2848 esse
1685 2786 1995 2865 seriorem,
2059 2788 2331 2869 exempli

249 2888 461 2973 gratia
546 2892 870 2966 memorat,
960 2887 1311 2953 Gracchum
1384 2890 1801 2974 propinquum
1891 2911 2101 2971 suum,
2188 2910 2334 2958 cum.

250 2992 714 3075 praefecturam
774 2992 941 3057 urbis
987 2995 1249 3073 gereret,
1298 3010 1549 3075 specum
1612 2994 1884 3059 Mithrae
1929 2996 2327 3074 subvertisse,

249 3093 535 3176 fregisse,
584 3096 949 3161 excussisse.
1040 3096 1320 3179 Longum
1354 3099 1450 3162 est
1480 3097 1669 3162 verba
1714 3097 1919 3161 facere
1969 3099 2044 3163 de
2073 3100 2329 3164 Barouii

249 3220 309 3266 V.
337 3199 395 3267 d.
431 3201 786 3265 coniectura
816 3204 1276 3283 „praetoriam“
1307 3222 1422 3268 nec
1455 3221 1576 3266 non
1610 3201 1684 3266 de
1718 3201 1980 3267 aliorum
2005 3203 2329 3268 hominum

251 3305 405 3384 rixa,
453 3306 665 3369 utrum
711 3324 868 3370 anno
909 3305 1228 3371 tricesimo
1273 3308 1737 3389 septuagesimo
1776 3309 1949 3372 sexto
1997 3328 2056 3389 p.
2093 3307 2234 3372 Chr.
2269 3327 2329 3371 n.

253 3426 335 3473 an
364 3427 526 3473 611110
556 3408 873 3474 tricesimo
899 3411 1365 3492 septuagesimo
1397 3413 1617 3476 octavo
1651 3430 1708 3493 p.
1734 3412 1874 3477 Chr.
1908 3431 1966 3475 n.
2017 3411 2331 3477 Gracchus

252 3530 476 3577 munus
546 3513 711 3578 illud
798 3514 1036 3581 inierit.
1145 3515 1490 3580 Statuimus
1589 3516 1776 3580 modo
1860 3516 2330 3580 restinctionem

252 3617 731 3683 Mithriacorum
790 3619 1027 3683 Romae
1088 3620 1351 3684 exeunte
1406 3619 1655 3684 saeculo
1702 3620 1921 3703 quarto
1967 3640 2028 3701 p.
2078 3619 2221 3686 Chr.
2269 3642 2327 3685 n.

254 3742 387 3787 esse
433 3723 775 3804 peractam.
869 3724 1073 3788 Verbo
1119 3726 1330 3789 autem
1367 3742 1621 3805 specum
1659 3725 1830 3789 recte
1877 3723 2206 3807 intellegas
2252 3744 2329 3789 ne

254 3826 381 3891 illis
449 3826 702 3909 quidem
767 3826 1154 3908 temporibus
1236 3827 1469 3891 cultum
1544 3826 1754 3908 palam
1821 3828 2078 3907 templis
2148 3847 2329 3892 usum

252 3931 569 4007 floruisse3
620 3950 806 4014 quam
836 3950 972 3995 rem
1016 3932 1109 3995 ita
1150 3948 1215 3996 se
1257 3931 1546 3996 habuisse
1593 3931 1819 3996 docent
1851 3950 2094 4016 quoque
2148 3951 2331 3998 voces

252 4036 560 4116 subvertit,
590 4033 814 4121 fre-qil,
862 4036 1148 4098 excussit.
1242 4033 1482 4113 Quibus
1528 4035 1796 4101 narratis
1841 4036 2111 4117 scriptor
2155 4035 2331 4101 addit

432 4210 471 4277 ¹)
531 4208 613 4262 ed.
674 4209 739 4262 D.
796 4208 1041 4274 Vallarsi,
1106 4210 1187 4263 ed.
1248 4208 1342 4264 alt.
1396 4209 1475 4263 VI
1525 4212 1553 4261 1
1591 4213 1691 4263 257
1745 4210 1809 4263 D.
1883 4213 1947 4265 In
2004 4210 2166 4264 Amos
2208 4212 2237 4264 I
2281 4213 2329 4267 3.

250 4295 493 4350 venetiis
533 4296 682 4351 1768.
756 4297 828 4351 4⁰.

2400 2372 2532 2429 XXVI
2567 2375 2615 2425 2.
2641 2373 2812 2427 Hiero-

2515 2460 2707 2513 nymus.
