2925 4802
1643 258 1731 324 4o

651 467 996 532 abactorem
1039 463 1218 532 boum
1261 469 1521 533 colentes
1569 492 1758 534 sacra
1802 471 1942 534 eius
1979 470 2070 534 ad
2116 471 2283 559 iqnis
2338 469 2770 557 transferunt⁴

643 584 1034 657 potestatem,
1118 573 1278 636 sicut
1344 572 1648 658 propheta
1732 573 1866 637 eius
1939 572 2204 637 tradidit
2270 573 2450 638 nobis
2526 574 2765 638 dicens

649 672 901 742 Μύστα
958 677 1388 763 βοοκλοπίης,
1455 676 1553 744 υἱὲ
1612 678 1785 760 δέξιε
1845 676 2102 768 πατρὸς
2159 675 2440 767 ἆγαύου.
2555 678 2766 743 Hunc

650 779 956 844 Mithram
1022 779 1270 861 dicunt,
1331 801 1517 845 sacra
1589 804 1729 844 vero
1798 782 1935 846 eius
1993 782 2061 845 in
2123 783 2436 869 speluncis
2502 782 2765 847 abditis

650 882 932 965 tradunt,
978 896 1047 946 ut
1089 905 1330 968 semper
1374 883 1632 948 obscuro
1678 885 2069 949 tenebrarum
2127 885 2422 972 squalore
2468 886 2771 951 demersi

644 989 922 1075 qratiam
988 985 1306 1073 splendidi
1366 1011 1442 1051 ac
1508 989 1722 1052 sereni
1782 987 2037 1053 luminis
2104 991 2289 1063 vitent
2336 990 2405 1075 1).
2518 991 2762 1058 Facile

649 1091 991 1174 intellegas
1036 1090 1189 1156 haec
1245 1092 1452 1171 verba,
1499 1093 1787 1175 quamvis
1845 1093 2014 1160 dicta
2072 1095 2200 1159 sint
2258 1094 2334 1161 de
2388 1097 2764 1162 Persarum

648 1194 975 1278 religione,
1021 1196 1239 1259 tamen
1272 1194 1353 1261 ad
1382 1197 1449 1262 id
1482 1215 1726 1280 quoque
1759 1193 1927 1282 quod
1956 1198 2344 1265 intendimus
2363 1201 2760 1281 pertinere.

645 1299 929 1363 Primum
962 1302 1100 1382 quis
1130 1302 1215 1369 sit
1237 1304 1546 1390 propheta
1575 1305 1710 1368 eius
1748 1322 2108 1389 cognoscas.
2198 1305 2404 1389 Atque
2440 1326 2566 1391 ego
2608 1309 2764 1391 qui-

651 1404 817 1482 dem,
880 1424 1020 1469 cum
1075 1408 1269 1472 verba
1331 1410 1690 1491 sequantur,
1758 1428 1915 1493 quae
1972 1412 2116 1477 sunt
2198 1409 2464 1475 tradidit
2533 1413 2759 1492 nobis,

648 1527 1017 1590 persuasum
1076 1512 1279 1578 habeo
1332 1513 1707 1595 scriptorem
1762 1513 2084 1580 hominem
2138 1515 2499 1597 significare
2579 1519 2764 1584 velle

538 1682 545 1698 .
651 1613 758 1694 qui
800 1614 1053 1679 uberius
1099 1617 1176 1681 de
1225 1635 1299 1681 ea
1342 1637 1409 1681 re
1457 1618 1680 1701 egerit.
1771 1620 1938 1683 Nam
1985 1617 2122 1702 quis
2178 1619 2300 1685 alio
2347 1620 2538 1686 modo
2596 1643 2764 1706 pro-

649 1717 844 1801 pheta
888 1720 1198 1784 nominari
1244 1720 1484 1803 potuit,
1533 1721 1655 1786 nisi
1701 1721 1993 1805 scriptor,
2058 1723 2163 1807 qui
2221 1742 2451 1806 magno
2515 1727 2758 1793 cultus

651 1842 859 1889 amore
904 1824 1184 1890 imbutus
1243 1844 1382 1889 eum
1442 1825 1698 1890 laudare
1746 1845 1933 1908 quam
1999 1826 2076 1891 de
2138 1846 2211 1892 eo
2274 1847 2420 1893 vera
2463 1827 2757 1899 ‘tradere

645 1928 962 1995 maluerit.
1062 1930 1157 1993 Ex
1220 1931 1411 1996 verbo
1478 1929 1618 2012 ipso
1691 1930 1855 2012 quod
1926 1932 2020 1995 est
2086 1932 2419 2017 prophetae
2489 1955 2756 2019 graeco

647 2050 935 2099 sermone
982 2033 1136 2116 quin
1168 2052 1309 2100 usus
1357 2034 1441 2102 sit
1473 2035 1730 2099 dubium
1760 2054 1884 2100 non
1930 2037 2043 2100 est.
2123 2034 2481 2102 Verisimile
2512 2042 2758 2107 autem

644 2135 893 2202 videtur
953 2154 1086 2203 esse
1155 2138 1224 2202 in
1284 2139 1417 2205 illis
1476 2139 1552 2204 de
1599 2138 1874 2204 Mithrae
1921 2140 2092 2204 cultu
2151 2139 2333 2206 libris
2392 2161 2539 2206 eum
2616 2165 2756 2213 non

647 2243 855 2309 solum
902 2241 977 2307 de
1023 2243 1356 2308 Persarum
1399 2245 1510 2310 sed
1558 2244 1751 2310 etiam
1799 2244 1875 2308 de
1920 2246 2344 2312 Romanorum
2387 2246 2566 2312 illius
2622 2250 2758 2318 Dei

648 2347 824 2412 cultu
889 2347 1258 2427 tradidisse,
1329 2367 1471 2413 cum
1539 2347 1779 2433 graecis
1841 2349 2049 2415 verbis
2109 2351 2290 2432 quasi
2345 2352 2760 2422 sententiam

562 2469 567 2470 ⁷
646 2452 1088 2535 gravissimam
1155 2452 1486 2538 religionis
1552 2451 1726 2517 1111116
1792 2452 2034 2519 reddat.
2144 2454 2352 2538 Atque
2429 2458 2758 2541 scriptor,

155 3918 292 3974 XXIII
317 3924 363 3975 2.
394 3921 569 3976 Firmi-

157 4004 240 4043 cus
303 3990 568 4046 Maternus

643 2558 855 2621 utrum
911 2558 987 2622 de
1044 2557 1287 2623 Eubulo
1356 2557 1462 2622 aut
1518 2558 1811 2623 Pallante
1872 2557 2256 2642 cogitaverit
2308 2578 2532 2639 necne,
2606 2565 2757 2630 erui

645 2661 884 2744 nequit.
974 2662 1070 2726 De
1128 2662 1312 2726 rebus
1358 2661 1529 2745 ipsis,
1594 2680 1746 2744 quas
1801 2663 1993 2728 verba
2053 2681 2282 2745 graeca
2342 2664 2757 2748 significant,

650 2766 933 2847 quamvis
975 2764 1203 2830 fruitus
1236 2765 1357 2830 sim
1390 2765 1764 2831 coniecturis
1796 2766 2070 2830 virorum
2120 2766 2462 2848 doctorum,
2509 2769 2758 2836 tamen

645 2887 802 2953 quae
868 2870 1038 2935 certa
1105 2871 1377 2934 statuam
1435 2870 1591 2934 mihi
1648 2868 1905 2950 quidem
1973 2870 2215 2935 desunt.
2305 2872 2760 2956 Porphyrium

644 2975 855 3040 autem
916 2973 1219 3039 Mithram
1296 2973 1483 3039 boum
1544 2974 1903 3039 abactorem
1960 2974 2284 3040 nominare
2345 2977 2409 3040 et
2470 2995 2757 3044 narrare

640 3081 865 3145 Persas
910 3097 1088 3143 sacra
1131 3078 1262 3142 eius
1318 3079 1399 3142 ad
1453 3077 1621 3162 ignis
1676 3078 2019 3144 transferre
2076 3080 2456 3161 potestatem
2523 3086 2756 3154 notes

644 3183 882 3265 Quibus
937 3183 1141 3249 verbis
1213 3183 1402 3247 fidem
1467 3182 1750 3247 tribuens
1824 3185 2039 3248 credas
2109 3184 2486 3266 prophetam
2545 3185 2756 3255 inum

572 3331 579 3338 ·
644 3288 1005 3354 distinctius
1054 3306 1296 3370 quoque
1345 3287 1421 3352 de
1465 3287 1799 3351 Persarum
1848 3288 2019 3353 cultu
2066 3289 2288 3373 egisse,
2344 3295 2754 3373 praesertim

644 3413 785 3458 cum
832 3391 1004 3457 nullo
1052 3391 1178 3456 alio
1224 3391 1361 3456 1060
1405 3391 1693 3456 tradatur
1746 3392 2062 3458 Romanos
2125 3412 2368 3477 quoque
2411 3394 2754 3464 Mithram

644 3517 786 3562 cum
811 3497 949 3580 igni
975 3495 1422 3577 composuisse.
1501 3493 1675 3573 Quae
1701 3494 1967 3579 denique
1993 3499 2325 3563 narrantur
2363 3497 2438 3563 de
2464 3500 2753 3581 spelun-

643 3600 735 3665 cis
795 3602 1046 3679 abditis,
1110 3619 1253 3664 cum
1309 3599 1512 3664 multa
1570 3600 1646 3664 de
1708 3600 1799 3665 eis
1856 3601 2116 3683 cognita
2171 3603 2300 3666 iam
2357 3602 2748 3688 habeamus,

642 3706 928 3789 repetere
974 3706 1236 3787 longum
1283 3704 1395 3771 est.

817 3895 1013 3961 Aliud
1056 3893 1500 3961 testimouium
1541 3896 1912 3972 memorant,
1950 3894 2054 3978 qui
2103 3895 2179 3959 de
2227 3896 2400 3960 cultu
2449 3897 2743 3980 scripse-

639 4002 805 4079 runt,
867 4001 1062 4066 verba
1118 3997 1378 4063 Firmici
1424 3998 1700 4063 Materni
1741 4005 1955 4086 Χαῖρε
2012 3996 2273 4088 νύμφιε,
2329 4008 2518 4089 χαῖρε
2585 4005 2744 4073 νέον

817 4171 856 4236 ¹)
895 4169 976 4225 ed.
1014 4168 1070 4225 C.
1110 4169 1344 4225 Bursian
1378 4174 1428 4238 4,
1469 4173 1687 4226 16-21,
1725 4171 1834 4241 (fol.
1873 4173 1940 4224 46
1986 4188 2014 4226 6
2053 4170 2122 4241 5).
2194 4172 2406 4243 Lipsiae
2450 4175 2600 4229 1856.
2671 4180 2735 4231 80
2831 4186 2842 4203 ⁰

637 4257 857 4313 Parisiis
894 4258 1046 4311 1845.
1117 4258 1190 4312 80.
