2925 4802
2733 90 2874 221 „⁴1

1656 246 1742 313 50

833 456 1004 521 Nam
1068 475 1206 520 cum
1271 456 1679 522 Constantius
1740 457 2088 539 imperator
2149 456 2313 522 clero
2362 456 2824 522 Alexandri--

661 578 884 624 norum
949 560 1164 623 locum
1225 559 1398 623 urbis
1462 578 1726 624 vacuum
1791 563 1978 641 atque
2032 561 2162 625 iam
2227 562 2376 626 inde
2434 583 2472 626 a
2522 562 2778 643 priscis

661 664 1056 747 temporibus
1088 664 1451 745 neglectum
1484 666 1547 728 et
1578 664 1780 728 multa
1814 663 2091 729 sordium
2119 665 2387 730 colluvie
2419 665 2776 743 refert-um,

663 770 730 832 in
777 789 897 852 quo
943 768 1239 852 gentiles,
1288 769 1565 833 Mithrae
1630 769 1931 854 mysteria
1978 773 2391 852 peragenteS,
2457 770 2778 835 homines

660 874 988 939 immolare
1052 875 1541 951 consuevissent,
1615 874 1911 939 donasset
1975 875 2165 953 atque
2213 873 2530 956 Georgius
2596 877 2780 957 epis-

662 994 867 1060 copuS,
913 979 985 1042 ut
1030 977 1368 1043 ecclesiam
1417 960 1786 1056 exstrueret,
1834 978 2015 1042 illum
2061 979 2387 1061 repurgari
2431 980 2776 1056 iussisset,

660 1081 724 1144 in
774 1101 846 1145 eo
896 1082 1253 1163 peragendo
1302 1081 1560 1165 adytum
1607 1083 1705 1145 est
1748 1084 2088 1164 repertum,
2137 1101 2260 1163 quo
2309 1084 2648 1147 calvariae
2711 1087 2780 1147 et

658 1185 948 1249 iuvenum
1013 1185 1078 1249 et
1149 1185 1462 1251 seniorum
1527 1187 1638 1250 aut
1698 1186 2036 1250 simulacra
2081 1180 2272 1269 atque
2318 1188 2779 1253 instrumenta

659 1289 923 1352 ridicula
987 1291 1053 1353 et
1109 1288 1446 1370 peregrina
1501 1290 1583 1354 ad
1628 1308 1804 1354 sacra
1851 1292 2139 1358 adhibita
2200 1296 2346 1358 sunt
2403 1294 2776 1375 patefacta.

660 1390 794 1470 Quo
842 1393 1012 1457 facto
1061 1412 1204 1456 cum
1254 1391 1600 1457 Christiani
1641 1410 1895 1476 operam
1943 1396 2288 1475 dedissent,
2323 1399 2394 1461 ut
2441 1398 2781 1482 mysteria

657 1497 738 1560 ad
785 1496 1129 1560 ludibrium
1179 1500 1656 1578 exponerentur,
1716 1517 1789 1563 ac
1832 1500 2165 1566 traducere
2221 1519 2297 1566 ea
2349 1522 2464 1584 per
2520 1505 2777 1568 urbem

659 1601 1027 1682 coepissent,
1086 1601 1317 1684 pagani
1374 1602 1471 1666 ira
1516 1603 1775 1679 incensi,
1833 1622 2017 1684 quam
2065 1604 2344 1687 plurimi,
2419 1606 2485 1670 in
2559 1626 2779 1671 unum

552 1702 559 1717 '
658 1706 1046 1789 congregati,
1096 1707 1530 1788 quodcumque
1566 1707 1819 1771 obvium
1853 1709 1990 1772 erat
2019 1708 2158 1772 vice
2189 1710 2302 1773 teli
2338 1710 2777 1794 arripientes,

659 1812 874 1875 contra
905 1810 1331 1891 Christianos,
1364 1812 1626 1895 impetu,
1677 1828 1796 1893 quo
1831 1831 1907 1877 ne
1943 1813 2245 1892 proximis
2295 1814 2560 1895 quidem
2620 1835 2780 1897 par-

659 1916 923 1993 ceretur,
960 1915 1148 1994 facto,
1182 1914 1418 1980 multos
1449 1915 1643 1980 variis
1676 1916 1901 1982 mortis
1934 1917 2286 1998 generibus,
2320 1918 2449 1983 sive
2488 1919 2780 2001 gladiis,

656 2016 787 2082 sive
845 2018 1124 2098 ensibus,
1182 2020 1311 2084 sive
1368 2019 1659 2097 fustibuS,
1720 2020 1850 2084 sive
1904 2020 2244 2102 lapidibus,
2304 2022 2434 2086 sive
2492 2021 2782 2090 funibus

657 2121 1037 2201 exstinxere,
1104 2123 1437 2189 nonnullos
1495 2125 1706 2190 autem
1764 2125 1845 2190 ad
1901 2124 2245 2190 ludibrium
2319 2124 2501 2190 huius
2584 2127 2782 2211 signi

656 2224 987 2290 christiani
1043 2226 1214 2291 cruci
1260 2224 1592 2293 affixerunt
1646 2246 1719 2291 ac
1766 2228 2072 2310 plurimos
2119 2228 2496 2296 sauciarunt.
2594 2232 2779 2297 Tum

654 2328 979 2395 christiani
1037 2349 1074 2394 a
1119 2334 1515 2416 repurgando
1569 2333 1843 2397 Mithrae
1905 2333 2150 2416 templo
2211 2333 2532 2399 destitere.

827 2454 951 2518 Illa
973 2453 1104 2519 fere
1131 2456 1296 2531 sunt,
1325 2474 1482 2537 quae
1516 2455 1595 2519 ad
1626 2453 1902 2520 Mithrae
1946 2456 2186 2518 cultum
2233 2459 2774 2539 cognoscendum

652 2558 991 2641 scriptores
1061 2560 1263 2624 nostri
1335 2559 1612 2624 tradunt.
1679 2560 1804 2625 Sed
1859 2561 1930 2623 ut
1992 2559 2331 2624 dilucidius
2389 2559 2774 2643 videamus,

653 2663 803 2745 quid
857 2663 935 2726 de
980 2662 1293 2728 affirmata
1359 2683 1396 2727 a
1449 2664 1706 2728 Socrate
1760 2663 2094 2728 hominum
2168 2665 2631 2732 immolatione
2685 2669 2777 2734 sit

652 2767 1044 2846 habendum,
1137 2786 1293 2849 quae
1368 2769 1712 2849 sequuntur
1782 2785 2023 2849 quoqne
2097 2769 2316 2849 paucis
2388 2769 2778 2849 pertracte-

651 2891 806 2939 mus,
933 2870 1050 2935 Illa
1126 2872 1295 2936 enim
1374 2870 1686 2936 seditione
1748 2889 2055 2955 repressa,
2119 2891 2262 2936 cum
2325 2872 2775 2953 magistratus

652 2975 1087 3041 Constantium
1156 2977 1478 3040 mortuum
1537 2995 1609 3040 ac
1655 2976 1976 3041 ‚Iulianum
2024 2977 2471 3058 imperatorem
2522 2977 2772 3057 palam

649 3082 1140 3157 renuntiassent,
1197 3081 1402 3145 denuo
1433 3081 1615 3163 plebs
1649 3082 1996 3145 tumultum
2032 3080 2395 3145 commovit.
2456 3081 2650 3145 Nam
2692 3105 2774 3150 eo

649 3185 1034 3266 imperatore
1059 3186 1286 3263 create,
1321 3183 1426 3266 qui
1455 3182 1836 3248 Christianis
1870 3185 2131 3248 minime
2163 3184 2430 3262 favebat,
2465 3188 2770 3266 populus

650 3288 990 3370 Georgium
1024 3289 1413 3370 episcopum,
1449 3306 1634 3369 quem
1665 3307 1881 3351 omnes
1905 3289 2034 3351 iam
2062 3287 2168 3351 diu
2196 3285 2600 3352 clandestino
2632 3309 2769 3356 nec

647 3412 769 3458 non
804 3392 1111 3458 acerrimo
1147 3392 1294 3458 odio
1318 3392 1636 3475 persecuti
1669 3393 1866 3470 erant,
1900 3393 2112 3473 petere
2139 3410 2319 3455 ausus
2344 3390 2766 3460 abstractum

647 3497 1041 3580 raptumque,
1084 3497 1160 3561 ab
1196 3497 1465 3561 ecclesia
1497 3496 1789 3561 dentibus
1821 3495 2208 3574 infrendenS‚
2237 3494 2478 3577 impetu
2508 3496 2765 3564 statim

646 3619 949 3682 represso,
1004 3601 1142 3665 tum
1198 3601 1452 3686 quidem
1515 3601 1578 3664 in
1624 3601 1875 3664 vincula
1938 3599 2235 3666 coniecit.
2333 3598 2530 3663 Paulo
2593 3605 2767 3683 post

647 3704 883 3783 autem,
940 3704 1146 3785 prima
1188 3705 1325 3769 luce
1360 3705 1439 3768 ad
1504 3724 1814 3769 carcerem
1872 3703 2310 3783 decurrentes,
2366 3701 2767 3786 episcopum

648 3809 902 3891 capiunt
925 3827 997 3872 ac
1022 3808 1286 3874 diversis
1304 3807 1619 3873 mulcandi
1639 3809 1976 3891 generibus
2002 3809 2394 3891 proterentes
2410 3808 2476 3871 et
2498 3807 2764 3874 divari—

647 3911 803 3976 catis
831 3911 1094 3992 pedibus
1119 3912 1568 3992 concultanteS‚
1593 3914 1868 3976 tractum
1891 3930 1963 3976 ac
1981 3911 2391 3976 dilaceratum
2415 3909 2494 3974 ad
2520 3930 2758 3979 came-

644 4014 774 4078 lum
823 4016 1181 4097 alligatum,
1247 4035 1388 4081 cum
1450 4036 1563 4098 per
1619 4017 1827 4080 totum
1890 4016 2059 4079 diem
2123 4014 2529 4079 contumeliis
2592 4033 2758 4082 eum

645 4118 1017 4199 affecissent,
1078 4119 1269 4184 simul
1300 4138 1439 4186 cum
1485 4119 1623 4202 ipso
1657 4121 1901 4185 camelo
1933 4118 2288 4183 incendere.
2382 4116 2517 4196 Quo
2564 4118 2754 4187 facto

645 4223 885 4289 cineres
944 4224 1011 4288 in
1056 4243 1226 4289 mare
1272 4225 1687 4305 proiecerunt,
1740 4223 2075 4288 Ammiano
2120 4222 2499 4287 Marcellino
2543 4224 2751 4306 teste,
