2925 4802
1667 342 1757 406 34

678 554 929 638 poribus
976 553 1262 620 coluisse.
1355 551 1654 631 Quamvis
1699 556 1915 617 autem
1976 552 2150 617 nullo
2212 553 2335 618 alio
2385 553 2801 618 testimonio

680 658 927 723 constet
996 659 1332 722 Persarum
1416 656 1788 738 religionem
1876 655 2284 721 Mithriacam
2360 656 2799 722 Cretensibus

677 760 1056 840 innotuisse,
1126 763 1340 825 tamen
1408 759 1599 824 fidem
1664 761 1942 825 tribuere
2009 759 2215 825 verbis
2307 780 2439 827 non
2530 762 2797 828 dubito,

679 865 1076 929 Sententiam
1124 867 1335 929 autem
1382 864 1712 946 scriptoris
1769 864 1845 928 de
1907 864 2080 929 cultu
2139 884 2257 930 vox
2319 861 2633 932 εἰδώλου
2687 884 2799 931 nos

679 970 834 1035 satis
890 987 1200 1051 superque
1249 969 1526 1033 edoceat.
1603 969 1798 1033 Recte
1832 986 2077 1050 quoque
2127 968 2367 1034 iudices
2397 969 2796 1052 Epiphanio

680 1074 919 1138 cultum
965 1091 1080 1154 per
1123 1071 1464 1152 imperium
1509 1074 1866 1137 Romanum
1913 1071 2211 1137 diffusum
2261 1074 2620 1155 cognitum
2672 1094 2798 1140 non

678 1176 888 1243 fuisse.

247 1374 355 1430 xlx.
395 1376 563 1454 Aseljus
853 1367 893 1431 J
898 1386 999 1430 am
1050 1366 1193 1431 Aeli
1239 1365 1562 1450 Lampridi
1612 1366 1688 1431 de
1754 1366 2407 1450 cultu-testimonium
2471 1389 2799 1450 perscru-

247 1443 573 1514 Lampridms.
679 1474 908 1538 temus,
999 1472 1094 1535 De
1157 1469 1500 1537 Commodo
1549 1471 1874 1538 Antonino
1952 1473 2338 1555 imperatore
2420 1474 2618 1538 enim
2702 1474 2798 1539 lo-

682 1577 858 1639 cutus
933 1575 1133 1640 tradit
1190 1600 1377 1639 sacra
1450 1576 1792 1639 Mithriaca
1876 1576 2200 1665 homicidio
2282 1601 2424 1641 vcro
2512 1579 2793 1664 polluit,

681 1703 818 1741 cum
880 1678 1013 1743 illic
1057 1678 1307 1764 aliquid
1346 1679 1434 1742 ad
1474 1681 1733 1765 speciem
1793 1681 2034 1744 timoris
2077 1680 2174 1744 vel
2238 1681 2374 1744 dici
2440 1682 2546 1745 vel
2612 1682 2803 1769 flnyi

679 1782 871 1845 soleat
884 1782 952 1861 1).
1001 1781 1171 1862 Quae
1203 1782 1415 1862 verba²
1461 1801 1605 1848 cum
1639 1783 1816 1847 exiis
1849 1784 2032 1848 multi
2065 1783 2356 1849 homines
2381 1786 2796 1870 collegerint

680 1885 1030 1951 homicidia
1052 1886 1132 1951 ad
1155 1888 1458 1972 mysteria
1488 1887 1983 1969 illa‘peragenda
2016 1907 2152 1952 esse
2185 1888 2370 1967 facta,
2403 1892 2795 1956 accuratius

679 1993 826 2056 sunt
857 1992 1267 2071 explananda.
1326 1991 1486 2055 Mihi
1520 1991 1775 2074 quidem
1811 2010 1843 2055 e
1875 1992 2131 2057 traditis
2165 1992 2557 2057 contrarium
2600 1996 2794 2063 illius

681 2096 1034 2160 sententiae
1067 2097 1569 2179 intellegendum
1601 2095 1848 2160 videtur
1879 2115 2033 2159 esse.
2092 2097 2258 2161 Nam
2291 2116 2427 2161 cum
2463 2101 2796 2179 gravissi-

681 2200 799 2262 mis
829 2199 1037 2264 verbis
1082 2199 1353 2281 scriptor
1395 2201 1715 2264 narrasset
1750 2198 2166 2264 Commodum
2209 2198 2482 2265 nefanda
2511 2204 2792 2268 ratione

679 2320 856 2368 sacra
901 2304 1090 2368 Isidis
1138 2303 1428 2381 coluisse,
1477 2303 1775 2367 meminit
1808 2323 1881 2367 ac
1910 2304 2109 2369 tradit
2138 2303 2514 2368 memoriam
2549 2307 2792 2371 caedis

679 2408 755 2472 ab
791 2424 865 2470 eo
897 2406 975 2471 ad
1006 2407 1304 2473 Mithram
1340 2410 1674 2474 colendum
1708 2410 2018 2490 peractae.
2080 2409 2234 2475 Cum
2266 2410 2439 2473 enim
2463 2409 2793 2493 Lampri-

681 2512 818 2575 dius
866 2512 933 2575 in
979 2512 1092 2576 illa
1137 2531 1205 2576 re
1268 2514 1704 2578 crudelissime
1764 2513 2214 2596 imperatorem
2270 2514 2479 2595 egisse
2525 2519 2791 2596 narret,

676 2617 884 2690 Verbis
931 2642 1068 2680 cum
1127 2617 1259 2680 illic
1305 2617 1555 2701 aliquid
1605 2616 1696 2680 ad
1746 2618 2006 2702 spectem
2056 2618 2297 2681 timoris
2352 2616 2449 2681 vel
2494 2618 2648 2683 dici
2695 2621 2796 2685 vel

662 2720 832 2807 flnyz‘
873 2722 1063 2784 ,soleat
1108 2741 1219 2785 nos
1269 2711 1452 2786 docet
1497 2741 1612 2785 usu
1661 2721 1847 2785 modo
1883 2720 2087 2785 cultus
2118 2712 2302 2784 illum
2334 2720 2789 2789 homicidium

680 2826 1092 2905 perpetrasse.
1172 2826 1260 2890 At
1293 2844 1364 2888 ex
1397 2825 1604 2888 verbis
1636 2824 1797 2906 ipsis
1829 2825 2169 2906 intellegas
2229 2824 2296 2888 id
2355 2843 2553 2888 unum
2594 2829 2792 2894 cifltu

680 2929 890 2991 actum
941 2947 1098 3009 esse,
1146 2928 1352 3011 utqui
1400 2929 1823 3007 initiarentur,
1874 2948 2014 2993 cum
2062 2928 2300 3011 aliquid
2347 2930 2426 2994 ad
2474 2934 2787 3011 speciem

676 3032 924 3096 timoris
971 3032 1070 3097 vel
1118 3032 1243 3096 dici
1288 3032 1388 3095 vel
1434 3033 1588 3112 fingi
1636 3033 1885 3110 soleret,
1948 3032 2304 3114 impavidos
2366 3033 2786 3103 ostentarent

678 3137 941 3201 animos.
1034 3135 1279 3213 Verbis,
1328 3136 1554 3216 quibus
1615 3136 1885 3218 scriptor
1949 3137 2165 3214 utitur,
2225 3136 2502 3218 cognitis
2569 3144 2783 3220 putes

678 3241 810 3304 sive
864 3241 1112 3306 ensibus
1180 3241 1310 3304 sive
1366 3240 1509 3303 aliis
1548 3240 1743 3304 armis
1812 3240 2035 3306 mortis
2114 3241 2490 3332 periculum,
2593 3247 2782 3326 quod

678 3364 875 3429 aequo
924 3345 1133 3409 animo
1193 3344 1630 3408 sustinendum
1680 3347 1844 3422 erat,
1907 3345 2292 3409 intentatum
2355 3345 2482 3410 illis
2543 3346 2778 3418 fuisse.

678 3448 813 3528 Qua
856 3452 924 3513 in
967 3468 1035 3513 re
1082 3448 1330 3529 saepius
1385 3448 1709 3512 hominem
1756 3467 1902 3513 casu
1949 3467 2083 3513 esse
2128 3450 2424 3513 necatum
2473 3449 2619 3532 quis
2679 3458 2781 3519 est

679 3554 789 3635 qui
836 3572 1067 3637 negare
1113 3552 1335 3635 possit.
1414 3554 1504 3617 At
1548 3554 1736 3618 verbo
1784 3551 2110 3615 homicidio
2156 3553 2403 3617 constat
2463 3553 2781 3620 Commo-

680 3658 826 3722 dum
877 3657 1128 3740 quidem
1174 3658 1400 3735 virum,
1450 3677 1638 3739 quem
1687 3656 2065 3722 initiandum
2098 3656 2462 3721 Mithriacis
2508 3657 2776 3740 habuit,

656 3755 751 3827 'ex
814 3762 1134 3827 voluntate
1204 3780 1455 3826 necasse
1526 3761 1781 3827 nefarie.
1890 3763 2058 3825 Item
2127 3779 2199 3824 ex
2281 3762 2772 3845 significatione

663 3867 897 3952 polluit
923 3866 1264 3947 intellegas
1324 3865 1651 3930 hominum
1694 3866 2143 3929 mactationem
2172 3865 2449 3929 Mithrae
2483 3865 2775 3933 cultores

677 3970 860 4035 valde
909 3989 1045 4034 esse
1093 3971 1459 4035 detestatos
1539 3969 1950 4035 Commodum
1984 3971 2198 4034 autem
2245 3967 2515 4033 nefando
2562 3972 2770 4037 modo

680 4075 1015 4156 gentilium
1065 4075 1268 4139 cultus
1315 4092 1568 4156 semper
1628 4074 1832 4156 egisse
1892 4075 1964 4138 ut
2023 4073 2168 4137 aliis
2223 4071 2615 4138 testimoniis
2667 4076 2771 4140 ita

820 4249 858 4314 ¹)
885 4247 949 4300 ed
971 4248 1039 4303 H.
1064 4246 1264 4300 Jordan
1288 4249 1345 4299 et
1367 4246 1427 4299 F.
1446 4246 1827 4317 Eyssenhardt.
1850 4246 2072 4316 Scriptt.
2096 4244 2219 4300 hist.
2242 4261 2361 4314 aug.
2380 4245 2409 4299 I
2433 4247 2760 4311 94‚20—21.

679 4334 952 4390 Commod.
995 4334 1254 4388 Antonin.
1291 4335 1340 4385 9.
1378 4334 1619 4387 Berolini
1661 4335 1808 4387 1864.
1846 4334 1903 4383 8⁰
2659 4338 2668 4342 ·
