2925 4802
215 3259 631 3316 xxxvl11.·³.-N0n

216 3345 311 3383 nus
344 3329 630 3468 Μζὲὶιῡςτα-

1708 244 1791 313 62

701 457 818 540 μὲν
860 457 1148 546 ἀριθμὸν
1194 455 1609 543 ὀγδοήκοντα,
1659 452 1911 539 ἔχοντες
1954 458 2064 523 καὶ
2110 454 2438 540 ὑπόβασιν
2479 458 2588 524 καὶ
2631 455 2764 526 οἶνό-

701 565 926 643 βασιν.
988 558 1366 639 κολάζονται
1444 561 1567 649 γιέρ
1626 568 1890 649 πρῶτον
1941 562 2065 639 τὰς
2115 559 2587 651 ἐλαφροτέρας,
2644 557 2764 630 εἶτα

701 665 822 744 τάς
868 664 1420 753 δραστικωτέρας·
1469 665 1574 729 καὶ
1635 656 1766 729 εἶθ’
1832 665 2006 730 οὕτω
2066 667 2232 748 μετα
2291 664 2371 731 τὸ
2428 667 2764 756 παρελθεῖν

704 770 812 835 διὰ
880 777 1110 833 πασῶν
1173 774 1304 832 τῶν
1376 764 1721 845 κολάσεων,
1797 766 1945 833 τότε
1992 770 2276 836 τελεῖται
2320 769 2358 837 ὁ
2401 767 2764 853 τελούμενος

703 872 769 939 αἱ
862 895 985 961 γαρ
1072 871 1371 949 κολάσεις
1485 870 1631 948 εἶσὶ,
1721 873 1797 937 τὸ
1917 871 2030 939 δια
2118 875 2337 963 πυρὸς
2430 875 2764 962 παρελθεῖν

703 1000 781 1042 το
827 976 940 1042 δια
988 974 1253 1065 κρύους,
1300 975 1415 1041 δια
1460 973 1689 1061 πείννς
1746 976 1853 1041 καὶ
1919 976 2145 1065 δίψης,
2221 977 2333 1045 δια
2394 976 2767 1063 ὁδοποιρίας

702 1080 951 1167 πολλης
1017 1079 1127 1143 καὶ
1181 1079 1413 1156 απλιιῖς
1475 1075 1584 1143 δια
1645 1087 1875 1144 πασῶν
1936 1085 2067 1145 τῶν
2127 1078 2541 1161 volomwv1).
2641 1079 2762 1142 Pri-

704 1201 874 1246 mum
919 1181 1318 1247 statuendum
1365 1182 1461 1245 est
1530 1181 1704 1247 nullo
1752 1181 1878 1246 alio
1919 1181 2095 1263 loco,
2142 1181 2517 1248 Tertulliani
2583 1182 2765 1247 verbis

704 1286 999 1368 exceptis,
1045 1304 1082 1349 a
1127 1284 1531 1368 scriptoribus
1578 1285 1929 1350 accuratius
1977 1286 2055 1349 de
2117 1285 2603 1368 probationibus
2654 1285 2761 1349 illis

705 1390 851 1454 dici.
943 1389 1184 1454 Tamen
1232 1389 1519 1472 equidem
1564 1408 1930 1471 persuasum
1967 1388 2169 1454 habeo
2216 1390 2595 1473 scriptorem
2640 1406 2765 1452 nos-

701 1494 868 1557 trum
929 1512 1002 1558 ea
1059 1494 1306 1559 ratione
1372 1493 1678 1559 disserere
1752 1513 1878 1559 non
1921 1494 2219 1576 potuisse,
2280 1493 2404 1557 nisi
2453 1495 2763 1576 cognosset

701 1596 881 1678 plura
927 1597 1002 1661 de
1049 1597 1223 1661 cultu
1254 1597 1520 1680 scripta;
1570 1616 1727 1682 quae
1751 1599 1957 1663 autem
1990 1599 2147 1664 haec
2185 1597 2439 1675 fuerint,
2471 1597 2764 1661 incertum

644 1708 651 1725 “
703 1703 835 1766 est(
910 1701 1035 1765 Sed
1081 1720 1223 1765 cum
1254 1702 1516 1767 Nonnus
1563 1701 1851 1784 ignorare
1883 1702 2169 1766 videatur
2215 1720 2251 1765 a
2279 1700 2589 1766 Romanis
2636 1719 2763 1782 qno-

703 1825 821 1889 que
866 1806 1070 1869 Deum
1128 1807 1444 1871 Invictum
1495 1823 1628 1870 esse
1676 1807 1909 1871 cultum
1957 1807 2023 1871 et
2068 1805 2325 1870 dubium
2372 1805 2475 1882 sit,
2532 1821 2678 1868 num
2715 1803 2760 1865 is

703 1910 988 1992 scriptor,
1038 1929 1157 1993 quo
1219 1910 1481 1975 Nonnus
1551 1928 1699 1974 usus
1774 1912 1869 1975 est
1927 1910 2124 1988 fonte,
2180 1909 2499 1993 putaverit
2561 1909 2762 1971 Persas

700 2012 975 2079 Mithrae
1059 2013 1404 2078 initiandos
1483 2014 1889 2094 probationes
1978 2012 2186 2077 subire
2286 2012 2608 2094 coegisse,
2684 2011 2763 2074 in-

702 2118 972 2201 tellegas
1032 2119 1329 2182 Nonnum
1391 2117 1931 2200 Mythographnm
1988 2136 2115 2182 non
2183 2118 2473 2181 accurate
2529 2133 2569 2178 a
2623 2116 2761 2179 teste

703 2241 811 2288 suo
860 2222 1108 2287 traditis
1140 2222 1470 2286 studuisse.
1535 2220 1705 2300 Quae
1738 2241 1879 2287 cnm
1911 2221 2003 2287 ita
2048 2221 2197 2300 sint,
2229 2220 2564 2284 minimam
2595 2219 2762 2282 fidem

702 2326 780 2390 iis
826 2344 979 2412 quae
1023 2325 1241 2405 tradit,
1302 2325 1584 2411 quamvis
1639 2324 2008 2392 verisimilia
2068 2345 2143 2389 ea
2196 2341 2327 2390 esse
2391 2323 2608 2409 negari
2665 2340 2760 2385 ne-

702 2433 905 2515 queat,
973 2430 1373 2496 tribuendam
1445 2448 1577 2497 esse
1637 2431 1812 2496 duco.
1913 2430 2017 2495 Ad
2082 2429 2522 2495 describendos
2573 2445 2756 2494 mores

701 2536 1026 2618 scriptoris
1073 2536 1301 2601 addam
1346 2536 1723 2601 monachum
1771 2555 1932 2615 eum,
2004 2554 2145 2600 cum
2190 2535 2439 2599 videret
2501 2535 2756 2599 Mithrae

703 2661 946 2725 quoque
994 2642 1260 2706 cultores
1306 2640 1728 2705 abstinentiae
1789 2642 1999 2705 variae
2061 2640 2277 2722 poenis
2333 2642 2399 2704 et
2456 2638 2756 2703 doloribus

702 2746 782 2810 ad
826 2747 1066 2811 cultum
1115 2744 1384 2823 educari,
1439 2742 1601 2810 hanc
1660 2744 1993 2828 gentilium
2040 2745 2161 2809 Dei
2211 2745 2380 2810 Solis
2427 2741 2757 2809 veneratio-

704 2869 851 2914 nem
913 2870 1037 2915 non
1099 2849 1473 2931 vituperare.
1565 2849 1791 2914 Restat
1841 2851 1914 2914 ut
1968 2847 2283 2913 affirmem
2345 2867 2487 2913 meo
2538 2846 2757 2911 iudicio

702 2972 960 3036 parvam
993 2955 1182 3020 fidem
1215 2953 1482 3037 singulis
1513 2953 1766 3017 traditis
1797 2955 2063 3033 tantum,
2111 2953 2380 3016 minime
2427 2953 2640 3016 autem
2680 2948 2757 3013 rei

702 3058 821 3140 ipsi
864 3078 1000 3132 ¹esse
1043 3057 1462 3123 tribuendam.

878 3250 1149 3314 Accedit
1192 3249 1535 3313 secundum
1584 3246 1793 3312 Nonni
1819 3246 2267 3331 Mythographi
2311 3246 2752 3321 testimonium,

701 3353 865 3438 quod
912 3352 1149 3435 reperis
1182 3353 1249 3416 in
1274 3352 1559 3417 eiusdem
1604 3351 1750 3416 libri
1799 3352 2026 3433 capite,
2067 3352 2230 3434 quod
2274 3351 2648 3434 inscriptum
2676 3349 2755 3413 est

701 3461 853 3549 περὶ
908 3466 1024 3545 τῆς
1088 3458 1154 3524 ἐν
1209 3464 1305 3543 τῷ
1369 3456 1615 3546 Μίθρᾳ
1673 3455 2017 3534 κολάσεως.
2120 3454 2323 3520 Verba
2389 3455 2558 3519 enim
2619 3456 2754 3518 haec

699 3565 810 3630 τόν
837 3563 1116 3651 Μίθραν
1159 3560 1531 3644 νομίζουσιν
1559 3562 1813 3648 Πέρσαι
1857 3561 1966 3626 τὸν
1996 3559 2179 3649 ἥλιον
2223 3552 2396 3625 εἶναι
2432 3562 2540 3627 καὶ
2566 3558 2752 3641 τούτῳ

699 3672 984 3733 θύουσιν
1027 3665 1280 3742 πολλάς
1326 3664 1603 3743 θυσίας,
1665 3664 1775 3729 καὶ
1816 3663 2154 3729 τελοῦνταί
2195 3688 2372 3741 τινας
2420 3663 2516 3742 εἷς
2574 3661 2755 3729 αὐτὸν

697 3769 976 3847 τελετάς.
1052 3765 1270 3847 οὐδεὶς
1315 3766 1386 3835 δέ
1432 3766 1695 3834 δύναται
1755 3766 2092 3833 τελεῖσθαι
2149 3767 2271 3844 τοῖς
2327 3775 2453 3832 τοῦ
2495 3766 2750 3854 ΠΙίθρου

697 3874 977 3951 τελετάς,
1044 3870 1107 3938 εἰ
1147 3872 1240 3956 μῆ
1287 3872 1398 3938 διὰ
1445 3879 1675 3937 πασῶν
1718 3876 1846 3935 τιῦν
1889 3867 2217 3937 κολάσεων
2274 3870 2602 3959 παρέλθοι
2659 3868 2751 3934 καὶ

698 3976 898 4059 δείξει
942 3975 1170 4042 ἑαυτὸν
1220 3976 1464 4061 ἀπαθῆ
1505 3998 1646 4040 τινα
1691 3974 1800 4040 καὶ
1846 3972 2063 4040 ὅσιον.
2110 3974 2405 4060 λέγονται
2438 3976 2509 4042 δὲ
2544 3967 2750 4063 ὀγδοή-

874 4149 912 4214 ¹)
951 4148 1032 4200 ed.
1065 4147 1115 4199 J.
1150 4147 1209 4198 P.
1245 4145 1446 4212 Migne,
1483 4145 1623 4199 Patr.
1662 4162 1791 4198 curs.
1830 4162 1927 4202 ser.
1972 4162 2144 4213 graec.
2180 4146 2424 4202 XXXVI.
2460 4147 2560 4200 989
2594 4143 2749 4214 (ἆτος.

697 4248 816 4314 opp.
852 4233 945 4296 11.)
979 4231 1199 4285 Parisiis
1238 4231 1386 4282 1853.
1459 4231 1532 4284 8⁰.
