2925 4802
1615 211 1738 287 104

632 433 846 496 lunam
907 433 971 496 et
1033 433 1277 515 septem
1341 432 1559 498 stellas
1614 433 2011 515 suppositum
2091 434 2206 499 est.
2323 431 2485 512 Quid
2540 431 2684 497 iudi·
2735 490 2748 503 ,

634 536 900 602 candum
958 537 1035 602 de
1096 554 1364 619 persona
1424 538 1694 620 quadam
1757 537 1846 601 sit
1900 556 2041 602 cum
2087 536 2344 620 flagello
2393 541 2457 603 et
2502 537 2681 620 capite

633 641 922 724 gallinae,
958 641 1131 706 cuius
1176 642 1372 723 pedes
1418 642 1808 724 serpentium
1857 641 2127 706 formam
2172 640 2431 722 habent,
2477 642 2684 721 nescio,

630 747 754 811 nisi
811 746 1052 828 cogites
1110 746 1188 811 de
1251 745 1417 810 Deo'
1451 743 1915 811 Gnosticorum.
2021 743 2318 824 Quamvis
2384 746 2546 811 enim
2606 746 2687 809 in-

631 850 1038 933 scriptionem
1069 869 1221 933 prae
1252 869 1318 915 se
1363 850 1527 915 ferat
1556 850 1860 939 Μίθρας,
1890 851 2108 914 13111011
2141 850 2451 915 abhorreo
2498 869 2533 913 a
2567 868 2690 915 sen-

631 954 836 1019 tentia
890 953 1445 1036 figura-Mithram
1492 953 1858 1037 significari.
1949 954 2190 1018 Eadem
2231 954 2386 1019 ·fere
2449 939 2689 1020 dicenda

631 1060 776 1124 sunt
801 1059 876 1123 de
901 1058 1185 1123 leonibus
1213 1058 1587 1141 quibusdam
1612 1057 1960 1141 imaginum
1996 1056 2278 1121 aliarum.
2328 1094 2411 1104 -
2451 1059 2690 1123 Restant

631 1162 907 1245 primum
939 1180 1225 1226 nummus
1258 1161 1591 1227 Maximini
1617 1162 2039 1245 imperatori8‚
2089 1182 2207 1244 quo
2241 1164 2414 1227 Deus
2445 1163 2689 1229 Mithras

634 1268 965 1340 coronatus
1000 1265 1260 1331 sinistra
1290 1266 1643 1332 Victoriam
1676 1269 1939 1350 portans
1979 1265 2162 1331 fictus
2209 1268 2327 1345 est,
2373 1269 2506 1332 tum
2551 1267 2691 1330 alius

632 1372 913 1436 eiusdem
958 1370 1352 1452 imperatoris
1398 1391 1707 1450 nummus,
1757 1391 1876 1453 quo
1922 1370 2190 1435 Mithras
2236 1373 2568 1436 coronatus
2609 1371 2691 1434 in-

631 1474 818 1541 solito
865 1475 1051 1539 modo
1099 1474 1362 1539 vestitus
1409 1474 1631 1538 dextra
1675 1476 1886 1541 nescio
1935 1475 2105 1559 quid,
2154 1475 2411 1540 sinistra
2456 1476 2694 1560 globum
2769 1520 2780 1524 -

633 1581 891 1661 portans
937 1578 1216 1661 fingitur,
1263 1595 1451 1659 porro
1511 1586 1799 1643 nummus
1847 1579 2271 1657 Constantini,
2321 1599 2443 1662 quo
2506 1583 2693 1645 osten-

635 1685 822 1762 ditur,
856 1702 978 1764 qua
1008 1682 1249 1747 ratione
1278 1683 1448 1747 Deus
1473 1682 1924 1764 imperatorem
1952 1682 2145 1746 cultui
2173 1682 2410 1761 initiet,
2446 1684 2695 1765 denique

633 1803 941 1863 1111111111113,
987 1786 1198 1850 1103010
1270 1786 1447 1855 cuius
1506 1786 1930 1868 imperatoris,
2001 1807 2123 1871 quo
2192 1788 2364 1852 Deus
2433 1788 2696 1853 Invictus

631 1891 948 1956 Victoriae
1010 1890 1276 1974 figuram
1345 1891 1455 1954 alii
1505 1891 1753 1955 cuidam
1798 1890 2038 1956 homini
2106 1892 2214 1957 dat
2272 1912 2459 1976 quem
2502 1909 2701 1958 servus

634 1995 889 2078 quidam
946 1994 1209 2078 genibus
1279 1995 1458 2060 nixus
1526 1994 1780 2071 adorat;
1856 1990 2138 2079 cogites'
2181 2014 2426 2080 quoque
2502 1997 2699 2062 Solem

630 2099 903 2163 Mithrae
952 2099 1100 2163 dare
1149 2099 1303 2163 deae
1352 2098 1527 2164 illius
1575 2100 1979 2180 sculpturam.
2016 2137 2097 2146 —-
2131 2100 2292 2165 Sunt
2337 2101 2551 2165 autem
2592 2100 2704 2163 im-

633 2203 954 2286 peratores
1002 2219 1264 2285 quorum
1312 2204 1391 2268 ad
1435 2203 1780 2267 Mithriaca
1836 2204 2234 2285 pertinentes
2289 2223 2575 2271 nummos
2616 2203 2709 2267 in-

638 2307 814 2371 venis
861 2307 927 2369 hi
974 2306 1330 2370 Antoninus
1381 2306 1540 2370 Pius
1584 2331 1724 2395 any.
1768 2331 1957 2393 ycrm.
1992 2346 2076 2355 —
2125 2310 2296 2398 Αῦρ.
2344 2316 2443 2374 Μ.
2490 2306 2706 2376 Ἀντω-

635 2437 768 2490 νιος
819 2419 877 2480 Γ
878 2415 1175 2502 operatos
1220 2417 1356 2496 σεβ.
1405 2450 1491 2459 -
1537 2412 1700 2499 Imp.
1737 2413 1985 2478 Probus
2017 2439 2090 2500 p.
2122 2413 2189 2500 f.
2232 2439 2375 2502 auq.
2422 2452 2509 2461 —
2553 2412 2704 2499 Imp.

643 2513 827 2578 Prob.
863 2538 1002 2600 any.
1036 2552 1117 2561 —-·
1154 2514 1313 2601 Imp.
1352 2515 1597 2580 Probus
1621 2541 1688 2603 p.
1709 2516 1773 2602 f.
1807 2540 1951 2605 any.
1980 2555 2059 2565 —
2087 2518 2247 2605 Imp.
2267 2544 2341 2605 p.
2358 2516 2428 2604 f.
2463 2543 2605 2605 any.
2631 2557 2706 2566 -

638 2618 795 2705 Imp.
834 2618 1080 2687 Probus
1111 2644 1250 2706 any.
1285 2657 1369 2667 —
1407 2620 1807 2684 Mawimz‘nus
1826 2645 1897 2707 p.
1916 2619 1983 2707 f
2017 2646 2162 2707 any.
2197 2658 2281 2670 —·
2314 2623 2707 2688 Maximinus

633 2724 768 2787 nob.
814 2748 863 2789 e.
911 2761 994 2769 —-
1049 2711 1508 2788 Constantinus·
1532 2750 1597 2810 p.
1631 2722 1697 2808 f.
1745 2749 1888 2810 any.

807 2844 1084 2909 Nomina
1137 2847 1349 2910 autem.
1397 2846 1519 2911 Dei
1590 2846 1982 2928 reperiuntur
2042 2848 2197 2913 haec
2251 2850 2582 2939 Μείθρας.
2633 2887 2705 2896 -

634 2948 934 3037 Μίθρας.
981 2986 1067 2994 -
1115 2950 1244 3013 Soli
1308 2950 1582 3016 Invicto·
1615 2953 1732 3015 ter.
1780 2989 1865 2998 —
1912 2952 2047 3017 Soli
2111 2953 2418 3036 Invic(to)
2484 2954 2706 3019 Comiti

636 3053 999 3136 Aug(usto).
1033 3089 1117 3099 —
1150 3052 1283 3117 Soli
1330 3054 1567 3119 invicto
1609 3054 1864 3121 Comiti.
1897 3092 1982 3101 —-·
2015 3056 2146 3121 Soli
2193 3056 2433 3128 Invicto
2483 3057 2709 3123 Comiti

636 3157 999 3239 Aug(usto).
1065 3195 1151 3203 —
1210 3157 1344 3223 Soli
1405 3158 1673 3223 Invicto.
1734 3195 1821 3205 —
1886 3160 2020 3224 Soli
2086 3159 2319 3225 Comiti
2367 3163 2706 3246 Aug(usto)

634 3264 923 3346 n(ostro).
970 3300 1056 3310 ——
1101 3264 1237 3329 Soli
1283 3264 1530 3329 Invicto
1580 3265 1856 3329 Aeterno
1905 3266 2269 3349 Aug(usto).

809 3365 981 3445 Quae
1040 3386 1179 3431 cum
1234 3368 1328 3432 ita
1385 3367 1511 3432 sint
1577 3367 1761 3432 facile
1830 3368 2164 3453 intellegas
2232 3368 2323 3433 nil
2378 3370 2510 3436 fere
2565 3371 2708 3437 novi

633 3489 922 3536 nummos
945 3472 1091 3537 illos
1116 3491 1228 3535 nos
1254 3472 1491 3538 docere.
1532 3470 1697 3550 Quae
1725 3472 1892 3537 enim
1931 3472 2057 3538 alio
2085 3474 2270 3539 modo
2291 3474 2554 3556 *cognita
2586 3495 2710 3540 non

632 3577 933 3641 habemus
967 3595 1057 3654 ea,
1100 3595 1242 3640 cum
1275 3576 1538 3640 licenti-a
1578 3576 1755 3639 nulla
1793 3575 1877 3640 sit
1915 3596 1989 3641 03
2018 3578 2237 3655 maior,
2279 3597 2402 3660 qua
2435 3578 2710 3661 impera-

631 3682 800 3745 tores
833 3681 913 3745 ad
959 3698 1244 3762 gemmas
1284 3682 1471 3762 atque
1510 3678 1665 3743 adeo
1703 3695 1990 3743 nummos
2020 3679 2409 3744 conficienda
2431 3681 2531 3744 usi
2564 3683 2710 3746 sunt

635 3784 906 3849 Deorum
940 3784 1310 3862 simulacris,
1360 3782 1640 3847 nummis
1671 3784 1819 3848 solis
1865 3782 2134 3872 testibus
2169 3783 2412 3848 edicere
2444 3784 2709 3849 minime

631 3889 802 3955 licet.
859 3926 926 3935 —-
969 3890 1127 3954 Prae
1178 3888 1404 3953 ceteris
1451 3890 1659 3953 autem
1699 3887 1847 3971 quid
1895 3887 1973 3951 ad
2020 3889 2259 3952 cultum
2301 3886 2705 3953 Mithriacum

631 3993 839 4057 valeat
860 3992 1138 4057 Victoria
1168 3992 1408 4075 saepius
1436 3993 1710 4075 figurata
1748 3991 2005 4057 dubium
2045 3990 2524 4072 relinquendum
2573 4010 2708 4058 esse

632 4096 893 4163 affirmo,
987 4095 1332 4178 Suspiceris
1388 4114 1589 4177 neque
1636 4095 1869 4160 iniuria
1915 4096 2024 4160 illo
2068 4098 2357 4176 tempore
2403 4095 2707 4161 Mithram

632 4200 826 4264 etiam
891 4201 968 4264 ob
1029 4199 1320 4264 victorias
1379 4201 1733 4281 reportatas
1787 4219 1919 4265 esse
1988 4199 2246 4266 cultum.
2346 4199 2708 4284 Eademque
