2925 4802
1578 298 1884 400 &60—

779 510 1073 593 creditur,
1086 510 1316 597 paucis
1338 509 1635 575 dicamus
1692 510 1804 576 Sol
1847 525 1935 575 est
1963 509 2325 596 ineffabilis,
2363 513 2514 598 quia
2530 504 2761 598 princi·

763 616 919 701 pale
963 602 1210 701 sumum
1267 614 1560 697 inculcat,
1613 629 1670 690 et
1694 614 1926 701 frenat
1966 616 2195 680 leonem
2239 617 2492 697 scillcet,
2539 616 2759 682 idcirco

777 733 834 782 et
888 720 1023 804 ipse
1077 719 1187 782 hoc
1230 720 1403 784 vultu
1427 719 1735 806 finyitur:
1780 721 1877 784 vel
1917 719 2087 805 quod
2126 720 2227 784 hic
2275 721 2451 785 Deus
2494 732 2754 785 caeteros

778 823 887 885 sui
952 822 1219 886 nominis
1292 836 1348 887 et
1416 824 1728 909 potentiae
1801 824 2034 910 impetu
2107 823 2385 906 excellat,
2474 837 2541 887 ut
2617 826 2762 888 inter

778 925 1267 1011 reliquas-feras
1313 927 1445 990 leo:
1493 927 1590 990 vel
1615 927 1768 1012 quia
1798 927 1880 990 sit
1909 925 2205 1013 rapidum
2243 926 2504 992 animal.
2586 927 2764 991 Luna

777 1054 918 1095 vero
983 1030 1136 1115 quia
1193 1031 1499 1116 proprius
1562 1044 1741 1094 tauro
1808 1030 2105 1094 adhaeret
2170 1029 2561 1115 adducitque,
2636 1030 2758 1094 ideo

779 1160 967 1199 vacca
1011 1135 1164 1198 luna
1192 1134 1481 1221 fiqurata
1525 1148 1628 1196 est.
1729 1133 2055 1198 Caeterum
2099 1133 2307 1197 divini
2356 1147 2410 1197 et
2465 1135 2633 1219 reqz‘i
2667 1134 2766 1197 isti

779 1238 892 1320 dii,
939 1251 1007 1300 ut
1049 1250 1485 1322 comparentur
1531 1238 1598 1301 in
1644 1238 1804 1317 orbe,
1854 1239 1949 1302 sic
1995 1232 2139 1302 eunt
2177 1249 2460 1323 expertes
2492 1236 2762 1301 mortalis

760 1342 1038 1428 fiyurae,
1115 1353 1240 1405 tam
1312 1341 1600 1423 hominis,
1677 1367 1864 1428 quam
1938 1342 2178 1407 belluae
2190 1367 2213 1425 ,·
2292 1365 2417 1406 non
2482 1343 2758 1406 habentes

780 1444 1045 1525 inimum,
1093 1443 1441 1526 terminum,
1498 1444 1597 1510 vel
1650 1444 1817 1530 quod
1873 1444 2272 1531 interpoletur
2333 1445 2606 1510 medium
2620 1471 2643 1529 ,-
2703 1458 2762 1508 ut

778 1547 878 1612 dz‘z'
912 1549 1201 1628 minoreS,
1246 1561 1302 1611 et
1343 1548 1589 1633 reliqui,
1638 1560 1707 1611 ut
1763 1571 1963 1634 supra
2016 1549 2150 1633 ipse
2203 1548 2317 1630 ait,
2387 1572 2532 1613 mccc
2592 1548 2761 1613 turba

779 1665 1078 1738 vayorum
1151 1649 1505 1717 semideum.
1613 1651 1698 1715 Id
1767 1652 1927 1716 enim
1996 1653 2158 1716 ratio
2233 1654 2624 1717 aeternitatis
2694 1675 2762 1716 ex

769 1757 1047 1842 postulat
1069 1756 1135 1838 ¹).

872 1859 966 1924 De
1014 1858 1237 1942 quibus
1281 1859 1576 1942 plurimis
1623 1879 1822 1942 pauca
1867 1860 2093 1927 dicam.
2173 1860 2268 1925 Ac
2312 1860 2592 1943 primum
2641 1861 2761 1944 qui-

695 1966 866 2042 dem,
917 1963 1053 2046 quis
1117 1964 1214 2028 est
1274 1964 1378 2046 qui
1444 1966 1636 2046 neget
1699 1964 1963 2029 minime
2024 1963 2304 2029 dilucide
2363 1963 2758 2031 Lactantium

694 2069 1074 2135 disseruisse.
1164 2068 1365 2133 Multa
1410 2067 1579 2132 enim
1629 2068 1745 2146 bis,
1793 2069 1992 2133 multa
2037 2068 2181 2133 aliis
2228 2069 2545 2135 contraria
2603 2068 2763 2133 affir-

696 2175 846 2240 mat.
939 2170 1137 2251 Quam
1187 2172 1266 2237 ob
1313 2191 1447 2236 rem
1495 2192 1569 2237 ea
1610 2173 1864 2237 tantum
1909 2173 2219 2255 repetam,
2255 2191 2413 2257 quae
2458 2172 2693 2238 rectius
2732 2191 2763 2236 a

694 2277 995 2359 scriptore
1043 2295 1115 2340 ac
1161 2277 1386 2342 clarius
1432 2278 1668 2343 tradita
1714 2297 1851 2343 esse
1912 2279 2263 2343 videantur.
2356 2278 2611 2344 Tertius
2663 2277 2764 2342 hoc

695 2386 833 2450 loeo
895 2384 1077 2452 nobis
1138 2386 1327 2451 homo
1398 2383 1653 2468 quidam
1714 2383 2077 2462 innotescit,
2141 2383 2247 2466 qui
2311 2383 2390 2450 de
2438 2381 2561 2447 Dei
2612 2380 2761 2448 Solis

695 2490 862 2572 apud
905 2489 1127 2555 Persas
1176 2490 1346 2555 cultu
1392 2488 1732 2571 scripserit.
1828 2488 1982 2554 Cum
2042 2487 2210 2552 enim
2271 2486 2640 2554 Lactantius
2697 2486 2761 2549 de

696 2594 952 2659 nomine
1009 2594 1263 2676 proprio
1308 2592 1472 2658 Solis
1508 2592 1748 2656 Persici
1810 2592 1983 2670 dicit,
2047 2592 2227 2656 addit
2267 2592 2461 2656 verba
2506 2605 2573 2655 ut
2618 2591 2761 2655 Hos-

697 2702 867 2761 tanes
913 2696 1123 2782 refert.
1216 2698 1312 2762 De
1360 2714 1479 2779 quo
1540 2715 1666 2761 non
1686 2697 1894 2778 .plura
1947 2694 2186 2760 tradita
2244 2695 2515 2778 reperio.
2610 2693 2762 2773 Qua-

695 2802 951 2884 propter
996 2799 1288 2883 equidem
1336 2801 1598 2868 minime
1647 2800 1864 2866 dubito
1912 2799 2230 2864 affirmare
2270 2799 2605 2865 Lactantio
2650 2816 2760 2862 uno

693 2906 859 2969 teste
907 2923 1032 2969 non
1060 2908 1348 2971 constare
1380 2925 1446 2970 re
1493 2924 1641 2968 vera
1669 2905 2020 2969 Hostanem
2068 2903 2378 2987 quendam
2427 2905 2505 2969 de
2537 2901 2763 2968 Mithra

697 3008 886 3072 verba
954 3008 1193 3076 fecisse.
1266 3047 1349 3092 -e
1411 3008 1785 3075 Accuratius
1849 3010 2060 3076 autem
2129 3008 2290 3072 mihi
2358 3005 2761 3091 investiganti

695 3112 886 3176 verba
917 3113 1259 3195 scriptoris,
1309 3133 1450 3177 cum
1483 3130 1783 3195 persaepe
1814 3112 2047 3190 narret,
2098 3130 2257 3196 quae
2291 3129 2365 3176 ex
2397 3111 2591 3177 Statii
2636 3099 2762 3175 tan-

694 3218 830 3281 tum
875 3217 1082 3281 verbis
1116 3218 1372 3282 minime
1421 3217 1708 3283 eluceant
1738 3235 1937 3298 neque
1970 3216 2164 3281 alium
2205 3216 2493 3283 nominet
2522 3218 2757 3291 testem,

695 3337 1055 3406 persuasum
1104 3323 1200 3387 est
1230 3322 1600 3405 scriptorem
1636 3339 1708 3384 ex
1741 3322 2041 3399 Hostane‚
2091 3320 2213 3385 nisi
2246 3320 2421 3385 aliud
2454 3320 2514 3385 ei
2545 3337 2760 3386 nomen

695 3425 906 3504 fuerit,
954 3425 1257 3490 hausisse.
1336 3424 1498 3489 Mihi
1547 3424 1802 3507 quidem
1850 3426 2102 3491 constat
2145 3442 2213 3488 re
2259 3442 2407 3489 vera
2438 3424 2759 3502 simniacra

695 3529 1037 3595 Mithriaca
1117 3548 1251 3595 esse
1328 3529 1673 3612 descripta,
1742 3548 1942 3611 neque
2019 3529 2389 3611 scriptorem
2466 3529 2757 3593 traditum

696 3633 1075 3699 narrationis
1108 3652 1302 3717 genus
1336 3633 1716 3710 adhibuisse,
1767 3652 1906 3697 cum
1953 3634 2088 3715 ipse
2120 3633 2233 3698 illa
2275 3632 2564 3700 vidisset.
2631 3633 2760 3698 Jam

699 3736 1078 3819 singillatim
1124 3736 1419 3820 graviora
1462 3735 1700 3801 tradita
1743 3736 1958 3819 paucis
2006 3737 2416 3801 declaremus.
2492 3736 2760 3801 Primum

696 3841 967 3924 Mytram
1017 3840 1336 3922 Apollinis
1398 3841 1534 3905 loco
1582 3859 1619 3903 a
1660 3840 1871 3904 Persis
1929 3841 1997 3904 in
2055 3840 2253 3904 antris
2315 3839 2443 3904 coli
2504 3837 2761 3903 affirmat

699 3944 981 4026 scriptor.
1074 3944 1233 4009 Tum
1281 3945 1357 4010 de
1407 3944 1858 4028 propagatione
1917 3945 2119 4009 cultus
2182 3942 2537 4009 invenimus
2589 3941 2759 4007 verba

700 4046 854 4113 haec
899 4072 1053 4133 quae
1097 4074 1284 4114 sacra
1330 4075 1371 4113 a
1423 4049 1640 4113 Persis
1675 4048 2030 4135 Phryqibus
2075 4072 2117 4111 a
2154 4046 2513 4136 Pkryyibus
2544 4047 2760 4111 Roma-
2825 4133 2830 4134 V

881 4204 916 4272 ¹)
954 4205 1036 4259 ed.
1074 4205 1135 4257 E.
1175 4203 1408 4260 Cruceus
1444 4204 1710 4257 6013—61
1726 4201 1790 4268 A,
1837 4197 2012 4274 Opera
2056 4203 2115 4256 P.
2162 4203 2375 4273 Papinii
2425 4163 2611 4257 Statii.
2651 4198 2760 4280 (Ad

701 4307 883 4345 versus
920 4295 1193 4343 717-720
1218 4291 1346 4344 libri
1383 4292 1544 4361 primi
1582 4290 1913 4358 Thebaidos).
1986 4290 2205 4344 Parisiis
2242 4291 2393 4343 1618.
2449 4291 2529 4343 4⁰.
