2925 4802
1244 267 1360 330 117

78 152 123 463 *v-vv-p

124 266 139 277 r
114 170 123 179 .

172 372 179 379 ι
80 78 225 183 ’ἦ

248 80 267 145 ο,

78 476 93 525 ὲ
167 475 433 541 collecta
477 474 733 552 tradita,
783 473 1234 538 commiscuere
1282 493 1361 538 ne
1410 473 1478 538 id
1524 474 1775 557 quidem
1814 476 2125 557 petentes,
2171 478 2241 542 ut
2285 478 2451 543 inter

163 578 497 663 Persarum
573 578 638 643 et
708 577 1134 642 Romanorum
1211 578 1449 642 cultum
1526 578 1923 662 disquisitius
1999 580 2447 652 discernerent.

150 683 298 748 Alii
328 683 540 749 autem
581 682 799 765 paucis
831 701 964 747 rem
1008 683 1354 748 tractantes
1383 683 1562 766 plura
1595 684 1672 748 de
1706 682 1879 748 cultu
1926 683 2138 752 dixere
2188 688 2450 755 minime

78 862 87 875 .
162 786 337 866 falsa,
370 785 634 866 minime
659 805 822 864 vera,
855 805 1059 869 neque
1083 785 1603 870 inscriptionibus
1627 806 1825 870 neque
1859 786 2213 857 simulacris
2244 812 2447 875 neque

162 892 485 957 auctorum
510 889 899 956 testimoniis
922 890 1076 955 satis
1101 890 1394 973 cognitis,
1420 890 1802 956 coniecturis
1815 890 2108 973 plurimis
2133 915 2240 961 seu
2263 896 2449 962 bonis

163 1014 269 1059 seu
318 994 505 1059 malis
551 994 665 1059 usi.
724 995 886 1058 Eum
934 995 1026 1060 rei
1071 996 1306 1063 statum
1352 1014 1499 1061 cum
1546 995 1996 1080 cognovissem,
2054 998 2305 1063 decrevi
2350 1019 2451 1065 me

162 1098 392 1164 rectius
428 1118 562 1163 esse
593 1099 899 1177 acturum,
926 1099 977 1163 si
1009 1099 1091 1164 ad
1114 1100 1368 1181 plenam
1401 1102 1696 1166 etveram
1729 1097 1863 1165 eius
1894 1100 1984 1165 rei
2019 1102 2449 1184 cognitionem

163 1194 662 1286 praeparandam
710 1203 921 1266 omnia
966 1201 1429 1268 accuratissime
1479 1202 1864 1287 colligerem,
1931 1204 2196 1270 collecta
2256 1207 2448 1273 intel-

162 1307 461 1390 legerem.
530 1305 797 1370 Minime
842 1308 1052 1372 autem
1079 1326 1220 1373 eum
1252 1306 1802 1389 interpretationis
1849 1327 2098 1374 cursum
2131 1311 2328 1390 tenui,
2380 1313 2452 1376 ut

166 1429 324 1493 quae
371 1428 744 1493 unoquoque
794 1411 933 1476 loco
977 1411 1125 1493 apta
1155 1410 1520 1476 viderentur
1564 1411 1645 1476 ad
1689 1431 1823 1476 rem
1871 1413 2310 1495 explicandam
2357 1416 2450 1479 af-

164 1515 417 1592 ferrem,
464 1515 575 1579 sed
621 1515 692 1578 ut
739 1514 1038 1579 distincta
1066 1515 1312 1579 ratione
1345 1515 1677 1582 edocerem
1707 1515 2004 1598 primum,
2053 1536 2214 1599 quae
2250 1519 2445 1602 scrip·

163 1622 328 1684 tores
361 1620 709 1697 senserunt,
744 1619 970 1684 deinde
1006 1639 1160 1703 quae
1206 1637 1278 1684 ex
1304 1617 1803 1702 inscriptonibus
1833 1620 2076 1701 patent,
2123 1622 2257 1686 tum
2292 1642 2450 1705 qnae

167 1724 502 1789 simulacra
548 1741 664 1788 nos
711 1723 959 1788 docent.
1051 1723 1175 1788 Sed
1224 1722 1376 1789 haec
1423 1723 1743 1789 hactenus

340 1827 577 1894 Censeo
605 1846 823 1891 omnes
851 1846 1023 1892 meas
1051 1826 1474 1908 expositiones
1499 1826 1774 1892 maxime
1799 1827 1866 1892 id
1890 1828 2189 1909 effecisse,
2215 1831 2287 1895 ut
2308 1850 2455 1913 par-

164 1933 282 1998 tim
318 1952 432 1998 nos
456 1931 778 2010 docerent,
813 1933 1045 2015 quanta
1086 1933 1250 1998 esset
1282 1932 1568 2011 materia,
1618 1932 1852 2014 quanta
1883 1932 2226 1998 difficultas
2250 1935 2451 1999 cultus

165 2037 284 2103 Dei
343 2037 573 2101 Invicti
633 2036 907 2101 Mithrae
973 2036 1142 2118 apud
1202 2037 1529 2101 Romanos
1589 2036 1941 2101 accuratius
2008 2038 2451 2121 cognoscendi,

163 2142 395 2225 partim
429 2140 803 2223 praeberent
835 2139 1149 2223 principia
1195 2159 1530 2223 parvarum
1565 2141 2194 2219 commentationum,
2227 2143 2449 2224 quibus

166 2244 316 2310 solis
351 2244 557 2310 omnis
588 2244 787 2309 totius
814 2245 1016 2308 cultus
1049 2243 1331 2329 cognitio
1351 2245 1570 2326 potest
1594 2244 1734 2312 niti.
1785 2244 1957 2324 Quae
1981 2245 2312 2329 perficiens
2342 2255 2447 2312 ‘me

165 2347 506 2434 permultas
562 2365 663 2414 res
709 2367 933 2433 graves
978 2348 1182 2414 adhuc
1240 2348 1493 2434 ignotas
1551 2349 1670 2415 etsi
1729 2349 1999 2415 maxime
2057 2349 2315 2416 idoneas
2372 2350 2450 2416 ad

166 2454 620 2537 permultamm
669 2473 879 2519 rernm
930 2455 1346 2518 Romanarum
1400 2456 1538 2519 tum
1587 2454 1825 2519 statum
1871 2474 1944 2518 ac
1989 2455 2309 2521 rationum
2357 2455 2454 2519 in-

166 2558 605 2644 tellegendam,
673 2557 876 2623 adhuc
923 2560 1171 2643 ignotas
1218 2560 1297 2623 ad
1344 2557 1550 2623 lucem
1596 2558 1962 2641 produxisse
2010 2578 2154 2623 eum
2200 2558 2451 2641 quidem

169 2664 433 2729 minime
479 2662 681 2748 fugiet
729 2663 832 2745 qui
888 2663 1095 2727 totum
1145 2680 1300 2745 opus
1360 2664 1649 2727 accurate
1704 2663 2065 2747 perlegerit.
2116 2661 2315 2741 Quam
2374 2662 2452 2727 ob

169 2786 301 2831 rem
362 2786 501 2831 eam
556 2766 652 2831 rei
715 2766 1025 2832 rationem
1096 2766 1333 2848 optimo
1400 2767 1533 2831 iure
1603 2786 1702 2832 me
1765 2765 2147 2846 adhibuisse,
2206 2767 2340 2832 fore
2377 2767 2454 2852 *ut

170 2867 410 2935 iudices
456 2889 657 2953 spero.
